2460 4026
387 163 425 208 11.
449 163 703 209 rnnnnrocnna
717 143 747 209 7.
772 145 802 208 8.
1048 145 1092 211 15
1195 194 1198 201 .

102 340 190 423 quod
221 337 389 403 universae
420 335 570 402 Graeciae
603 336 681 401 utile
712 340 802 401 esset.
831 359 944 424 quare,
971 338 998 404 si
1021 360 1097 404 suos-

101 449 228 535 legatos
259 449 397 533 recipere
428 447 564 533 vellent,
594 470 674 532 quos
697 448 842 514 Athenas
865 449 1041 536 miserant‚·
1061 472 1094 514 se
1202 428 1204 432 Α

101 562 313 625 remitterent.
351 560 444 624 aliter
477 559 550 624 illos
585 582 761 645 numquam
793 560 829 624 in
858 560 995 644 patriam
1027 583 1094 627 esse
1182 564 1185 573 “

101 691 292 738 reversuros.

147 783 269 847 Tamen
294 805 362 847 non
385 783 499 867 effugit
522 783 638 847 civium
663 803 792 847 suorum
815 783 980 849 ihridiam.
1001 785 1127 849 nam-8
1195 856 1196 861 η

102 916 165 979 que
199 895 240 958 ob
274 896 410 958 eundem
442 893 604 978 timorem,
638 915 701 977 quo
733 895 902 959 damnatus
926 895 995 958 erat
1016 893 1093 957 Mil·
1203 894 1205 899 ’

102 1006 222 1089 tiades,
255 1006 444 1070 testularum
476 1005 634 1088 suffragiis
657 1026 675 1068 e
697 1004 826 1069 civitate
849 1005 966 1069 eiectus
989 1004 1095 1089 Argos
1156 1062 1160 1069 ,

102 1116 285 1181 habitatum
329 1115 494 1180 concessit.
530 1115 584 1179 hic
617 1137 689 1179 cum
725 1118 856 1199 propter
891 1117 1008 1180 multas
1044 1116 1123 1180 dia
1173 1137 1176 1143 ·

102 1228 197 1292 vitias
232 1248 350 1311 magna
385 1248 457 1290 cum
493 1227 651 1310 dignitate
682 1227 817 1313 viveret,
850 1226 1093 1292 Lacedaemonii

102 1339 227 1423 legatos
257 1338 404 1402 Athenas
435 1338 607 1421 miserunt,
637 1339 692 1423 qui
716 1361 787 1404 eum
811 1339 974 1420 absentem
1000 1359 1092 1402 accu-

104 1452 226 1535 sarent,
254 1451 340 1534 quod
363 1449 546 1514 societatem
571 1472 643 1514 cum
666 1470 741 1534 rege
759 1450 927 1514 Persarum
940 1450 980 1514 ad
993 1448 1092 1514 Grae·
1143 1537 1145 1541 y

104 1559 187 1624 ciam
230 1561 473 1646 opprimendam
516 1560 651 1625 fecisset.
695 1561 757 1625 hoc
803 1561 935 1625 crimine
979 1561 1120 1624 absensa

104 1671 274 1736 damnatus
305 1675 363 1737 est.
395 1671 429 1735 id
460 1675 498 1734 ut
521 1672 659 1755 audivit,
685 1675 770 1756 quod
795 1693 862 1736 non
886 1673 962 1736 satis
986 1675 1093 1735 tutum

103 1803 135 1846 se
159 1782 257 1868 Argis
279 1784 423 1866 videbat,
450 1781 622 1868 Corcyram
646 1784 844 1868 demigravit.
868 1784 1005 1848 ibicum
1026 1783 1095 1847 eius

104 1894 210 1977 gentis
240 1895 401 1978 principes
433 1895 710 1960 animadvertisset
740 1895 868 1980 timere,
894 1917 936 1958 ne
960 1898 1095 1979 propter

103 2025 136 2068 se
171 2005 291 2069 bellum
324 2006 363 2070 iis
398 2005 640 2070 Lacedaemonii
672 2010 704 2071 et
734 2005 947 2072 Athenienses
970 2006 1094 2070 indice-

102 2119 192 2201 rent,
218 2118 258 2183 ad
281 2116 470 2203 Admetum,
497 2118 707 2182 Molossorum
732 2139 855 2202 regem,
882 2139 954 2181 cum
977 2139 1040 2202 quo
1064 2116 1095 2181 ei

103 2228 278 2319 hospitium
313 2233 397 2315 erat,
430 2229 588 2313 confugit.
621 2229 683 2293 huc
720 2250 792 2293 cum
824 2228 963 2292 venisset
994 2231 1026 2292 et
1056 2229 1092 2292 in

103 2340 280 2422 praesentia
310 2363 365 2405 rex
396 2341 535 2426 abesset,
568 2361 630 2424 quo
660 2341 778 2433 maiore
804 2340 959 2424 religione
984 2361 1017 2404 se
1039 2355 1122 2403 re·s

102 2453 230 2534 ceptum
252 2455 412 2537 tueretur,
434 2451 536 2515 filium
556 2451 622 2515 eius
642 2452 810 2536 parvulum
823 2451 959 2535 arripuit
971 2453 1004 2514 et
1017 2472 1089 2544 cum

104 2582 140 2624 eo
164 2583 196 2626 se
219 2562 255 2626 in
277 2564 466 2649 sacrarium,
492 2564 577 2647 quod
601 2586 725 2627 summa
748 2563 912 2627 colebatur
934 2562 1090 2626 caerimo-

103 2672 172 2760 nia,
198 2675 345 2740 coniecit.
368 2675 443 2739 inde
467 2695 533 2738 non
556 2675 644 2760 prius
668 2695 812 2759 egressus
832 2678 897 2757 est,
918 2696 1014 2758 quam
1034 2691 1091 2738 rex

102 2806 174 2849 cum
200 2786 274 2850 data
297 2789 409 2851 dextra
431 2787 465 2851 in
488 2787 583 2851 fidem
608 2787 775 2872 acciperet,
802 2809 898 2871 quam
918 2787 1088 2871 praestitit.

102 2919 178 2960 nam
210 2919 282 2962 cum
316 2899 356 2962 ab
380 2898 631 2964 Atheniensibus
654 2901 687 2962 et
709 2898 968 2962 Lacedaemoniis
992 2911 1118 2982 expo-5

102 3010 241 3074 sce‘retur
272 3009 412 3094 publice,
446 3010 620 3095 supplicem
646 3031 712 3072 non
736 3010 878 3094 prodidit
901 3010 1090 3092 monuitque

102 3123 138 3185 ut
161 3120 339 3186 consuleret
361 3121 453 3186 sibia
466 3121 591 3186 difficile
615 3121 700 3185 enim
724 3143 790 3186 esse
812 3122 848 3185 in
871 3100 937 3184 tam
960 3119 1090 3204 propin·
1146 3188 1160 3198 ,

101 3253 165 3317 quo
207 3232 277 3296 loco
316 3235 386 3309 tuto
423 3254 495 3297 eum
530 3233 656 3298 versari.
691 3233 800 3317 itaque
836 3232 980 3316 Pydnam
1017 3254 1089 3296 eum

102 3343 215 3408 deduci
245 3344 340 3408 iussit
369 3347 401 3407 et
432 3347 517 3428 quod
540 3345 617 3409 satis
640 3348 723 3409 esset
744 3343 893 3430 praesidii
916 3344 1013 3428 dedit.
1037 3344 1090 3407 hic

99 3455 134 3520 in
178 3478 293 3520 navem
335 3458 484 3523 omnibus
506 3457 656 3542 ‘ignotus
698 3457 847 3522 escendit.
891 3478 972 3541 quae
1016 3479 1087 3521 cum
1171 3477 1172 3480 ’

100 3571 289 3654 tempestate
319 3568 458 3634 maxima
481 3568 609 3636 Naxum
633 3569 785 3654 ferretur,
811 3569 868 3634 ubi
890 3572 959 3633 tum
984 3568 1086 3634 Athe-
