2460 4026
419 203 478 246 vrr.
503 200 700 246 rocrsmnrs.
728 181 756 247 7.
784 182 814 246 8.
1051 182 1093 246 35

145 378 234 443 Haec
266 375 426 440 Alcibiadi
457 375 583 439 laetitia
611 396 677 439 non
707 374 803 439 nimis
835 374 898 438 tuit
929 371 1121 437 diuturna?

100 513 177 556 nam
210 510 282 553 cum
313 487 343 550 ei
373 507 484 550 omnes
516 487 621 549 essent
652 485 789 550 honores
821 485 941 551 decreti
963 488 1094 569 totaque

100 598 312 685 respublica
345 599 432 662 domi
463 597 602 682 bellique
624 599 760 675 tradita,
784 600 822 662 ut
844 597 941 662 unius
964 595 1097 660 arbitrio

102 715 283 798 gereretur,
319 712 351 774 et
380 709 448 794 ipse
477 708 671 792 postulasset
698 714 736 773 ut
767 711 830 774 duo
862 709 923 774 sibi
957 707 1098 790 collegae

102 826 274 898 darentur,
305 820 526 903 Thrasybulus
558 826 590 884 et
618 820 831 898 Adimantus,
857 842 960 906 neque
982 820 1015 883 id
1040 840 1096 882 ne·
1186 808 1189 813 ¹

102 937 214 1019 gatum
245 934 345 1010 esset,
379 931 478 996 classe
505 933 540 996 in
564 934 675 997 Asiam
699 932 878 1017 proiectus,
903 936 990 1017 quod
1013 931 1098 1014 apud
1207 923 1213 963 3

103 1045 224 1131 Cymen
260 1045 367 1107 minus
404 1065 443 1106 ex
460 1045 634 1136 ,sententia
663 1067 730 1108 rem
758 1048 917 1129 gesserat,
946 1045 982 1108 in
1012 1042 1097 1107 invi-

104 1157 189 1221 diam
218 1155 349 1218 recidit:
375 1154 456 1218 nihil
481 1155 565 1219 enim
590 1178 663 1220 eum
688 1177 755 1220 non
778 1155 899 1221 efficere
923 1178 1016 1242 posse
1039 1157 1126 1218 du-a

104 1268 229 1332 cebant.
254 1288 293 1329 ex
317 1287 379 1349 quo
403 1265 502 1329 fiebat
524 1271 561 1330 ut
583 1268 692 1331 omnia
714 1268 821 1331 minus
841 1288 991 1351 prospere
1009 1268 1099 1350 gesta

104 1381 217 1465 culpae
240 1379 436 1454 tribuerem,
460 1399 532 1441 cum
556 1400 629 1441 eum
652 1381 708 1442 aut
732 1380 933 1463 negligenter
953 1381 1010 1441 aut
1029 1399 1097 1441 ma-

104 1492 208 1556 litiose
243 1490 353 1554 fecisse
382 1488 607 1572 loquerentur,
640 1491 722 1554 sicut
755 1493 823 1554 turn
857 1491 1000 1556 acciditt-
1021 1511 1098 1553 nam

104 1603 288 1684 corruptum
320 1622 339 1663 a
367 1620 442 1684 rege
465 1621 576 1684 capere
600 1599 722 1685 Cymen
746 1603 885 1666 noluisse
909 1602 1095 1686 arguebant.

104 1716 212 1798 itaque
245 1713 320 1776 huic
355 1712 491 1775 maxime
525 1716 675 1796 putamus
710 1713 796 1777 malo
831 1713 929 1778 fuisse
964 1714 1127 1777 nimiama

105 1826 288 1910 opinionem
329 1823 452 1908 ingenii
493 1803 589 1907 alque
628 1825 769 1888 virtutis:
807 1815 980 1890 timebatur
1014 1825 1099 1889 enim

106 1960 172 2003 non
207 1937 314 2000 minus
349 1958 445 2019 quam
482 1936 692 2019 diligebatur,
725 1958 766 2001 ne
799 1940 937 2002 secunda
968 1937 1100 2001 fortuna

106 2049 295 2134 magnisque
329 2048 442 2131 opibus
476 2047 578 2111 elatus
612 2049 813 2132 tyrannidem
852 2050 1098 2133 concupisceret.

106 2161 221 2246 quibus
252 2160 346 2223 rebus
368 2158 490 2222 factum
514 2161 562 2223 est
584 2163 622 2222 ut
644 2161 769 2223 absenti
794 2162 1017 2244 magistratum
1041 2160 1099 2223 ab·

106 2272 258 2356 rogarent
292 2273 325 2334 et
358 2271 455 2333 alium
488 2271 521 2333 in
559 2271 624 2358 eius
654 2271 759 2335 locum
792 2272 1033 2336 substituerent.
1066 2271 1128 2335 ide
1180 2315 1188 2326 κ

106 2382 162 2447 ille
192 2386 230 2445 ut
260 2381 397 2459 audivit,
427 2384 556 2446 domum
579 2383 695 2446 reverti
718 2383 823 2446 noluit
847 2388 879 2448 et
902 2405 935 2447 se
957 2383 1100 2467 Pactyen

107 2492 246 2559 contulit
276 2493 384 2577 ibique
415 2493 478 2556 tria
508 2493 636 2557 castella
665 2495 870 2569 communiit,
898 2493 1019 2571 Ornos,
1042 2492 1099 2557 Bi-

107 2605 262 2691 santhen,
287 2603 502 2686 Neontichos,
525 2627 684 2689 manuque
705 2606 837 2669 collecta
856 2605 979 2691 primus
1000 2604 1099 2670 Grae-

105 2739 160 2782 cae
182 2716 330 2780 'civitatis
363 2717 396 2779 in
429 2716 597 2780 Thraciam
627 2717 772 2794 introiit,
798 2717 967 2801 gloriosius
991 2716 1098 2782 existi-

105 2850 196 2892 mans
220 2828 429 2892 barbarorum
454 2827 573 2911 praeda
590 2828 779 2911 locupletari
800 2850 895 2912 quam
907 2829 1096 2907 ¹Graiorum.

105 2962 169 3024 qua
193 2961 232 3005 ex
255 2961 289 3004 re
313 2941 454 3003 creverat
478 2961 549 3023 cum
571 2937 658 3002 fama
680 2951 750 3003 tum
772 2940 905 3024 opibus,
931 2951 1127 3023 magnam-5

105 3072 166 3134 que
199 3051 372 3115 amicitiam
401 3050 462 3114 sibi
486 3071 558 3114 cum
581 3050 770 3132 quibusdam
796 3052 924 3135 regibus
946 3049 1100 3131 Thraciae

104 3166 282 3246 pepererat.

149 3272 262 3357 Neque
297 3276 405 3337 tamen
440 3295 459 3335 a
490 3273 622 3337 caritate
652 3273 774 3357 patriae
805 3277 863 3357 pot
888 3273 912 3337 't
941 3273 1127 3337 recedere8

105 3408 180 3450 nam
201 3406 274 3449 cum
294 3387 380 3468 apud
400 3383 507 3468 Aegos
526 3383 646 3448 flumen
663 3383 837 3456 Philocles,
856 3385 984 3468 praetor
994 3381 1098 3448 Athe·

105 3496 283 3573 niensium,
320 3496 451 3560 classem
486 3495 702 3559 constituisset
737 3517 826 3558 suam
863 3517 967 3579 neque
1002 3496 1099 3579 longo
1199 3483 1200 3488 ¹

105 3606 229 3671 abesset
259 3604 440 3689 Lysander,
471 3610 598 3691 praetor
621 3605 961 3692 Lacedaemoniorum,
986 3607 1098 3691 quiin
