2460 4026
448 168 525 214 xxii.
553 170 691 215 urricus.
718 151 749 216 4.
777 148 807 213 5.
1038 152 1101 216 127

105 356 161 406 oro
201 339 241 403 te’
276 340 384 424 inquit
418 341 616 426 Pomponius
655 344 814 408 ‘adversus
850 364 903 407 eos
936 367 987 408 me
1021 345 1101 409 velle

104 456 237 529 ducere,
271 474 344 516 cum
367 452 483 536 quibus
508 476 549 517 ne
572 459 685 519 eontra
707 459 739 519 te
763 477 851 519 arma
875 455 1008 534 ferrem,
1033 456 1101 520 Ita-

103 566 180 630 liam
210 564 347 649 reliqui’;
380 567 415 628 at
440 545 529 630 Sulla
558 567 767 636 adolescentis
795 566 898 631 officio
922 568 1103 632 collaudato

104 677 215 741 omnia
246 698 380 742 munera
413 679 460 756 ei,
494 701 575 762 quae
606 678 743 744 Athenis
767 682 948 763 acceperat,
974 680 1102 764 profici-

105 811 196 853 scens
220 790 312 854 iussit
331 789 456 854 deterri.

153 900 212 965 Hic
245 902 423 986 complures
454 924 557 967 annos
586 907 747 981 moratus,
781 925 852 969 cum
882 905 914 968 et
936 903 982 967 rei
1004 902 1128 966 fami-3

102 1012 177 1077 liari
203 1014 331 1076 tantum
365 1034 478 1097 operae
513 1015 619 1092 daret,
650 1017 807 1098 qnantum
839 1036 906 1079 non
929 1013 1104 1096 indiligens
1138 1023 1140 1026 ’

104 1123 234 1188 deberet
255 1125 347 1206 pater
371 1124 525 1204 familias,
550 1129 582 1189 et
605 1127 712 1190 omnia
735 1126 857 1210 reliqua
879 1128 1025 1209 tempora
1046 1127 1102 1188 aut

104 1233 219 1297 litteris
251 1237 307 1298 aut
336 1232 585 1302 Atheniensium
613 1237 825 1322 reipublicae
849 1236 1024 1312 tribueret,
1050 1238 1101 1298 ni-

103 1345 171 1410 hilo
196 1345 301 1409 minus
321 1346 437 1410 amicis'
450 1348 574 1412 urbana
593 1347 697 1413 officia
717 1348 890 1432 praestitit.
912 1351 1038 1409 namet
1059 1346 1129 1409 adt

103 1455 234 1519 comitia
264 1477 374 1520 eorum
405 1458 578 1522 ventitavit
609 1462 658 1536 et,
687 1459 714 1522 si
745 1481 808 1542 qua
833 1480 882 1522 res
907 1458 1008 1521 maior
1032 1460 1129 1520 acta'

104 1571 168 1644 est,
200 1588 267 1631 non
298 1567 408 1633 defuit.
442 1570 525 1633 sicut
552 1566 698 1634 Ciceroni
722 1569 756 1633 in
780 1569 929 1633 omnibus
954 1568 1020 1632 eius
1044 1591 1101 1652 pa-

102 1678 212 1743 riculis
243 1679 439 1764 singularem
471 1680 567 1745 fidem
595 1681 760 1765 praebuit:
786 1681 838 1745 cui
863 1703 901 1744 ex
922 1681 1027 1764 patria
1049 1679 1101 1744 iu-

103 1791 206 1875 gienti
223 1774 230 1778 ⁹
248 1793 430 1857 sestertium
474 1793 611 1857 ducenta
649 1797 687 1858 ⁴et
730 1792 964 1876 quinquaginta
1002 1791 1103 1855 millia

57 1987 60 1991 Ι
102 1903 245 1969 donavit.
289 1904 508 1988 tranquillatis
543 1908 649 1970 autem
682 1905 776 1968 rebus
811 1903 999 1988 remigravit
1033 1902 1127 1966 Ro·5

103 2038 206 2093 mam,
234 2016 272 2080 ut
301 2016 416 2099 opinor
446 2016 482 2080 L.
512 2015 608 2081 Cotta
639 2016 676 2080 L.
708 2017 871 2100 Torquato
897 2014 1099 2080 oonsulibus:

102 2147 198 2210 quem
230 2127 445 2191 discedentem
473 2128 517 2191 sic
542 2129 689 2192 universa
714 2128 825 2192 civitas
848 2124 1095 2190 Atheniensium

102 2240 273 2322 prosecuta
308 2240 373 2315 est,
404 2242 441 2302 ut
474 2239 614 2303 lacrimis
647 2238 794 2303 desiderii
826 2236 929 2300 futuri
960 2237 1101 2300 dolorem

102 2349 271 2412 indicaret.

148 2459 299 2526 Habebat
335 2463 530 2528 avunculum
565 2461 599 2538 Q.
636 2460 827 2538 Caecilium,
865 2460 1005 2544 equitem
1035 2458 1101 2523 Ro·
1127 2458 1146 2522 5

101 2594 253 2656 manum,
285 2571 475 2638 familiarem
507 2574 543 2640 L.
568 2574 712 2651 Luculli,
737 2573 884 2648 divitem,
913 2571 1100 2635 difficillima

101 2685 234 2748 natura:
268 2685 358 2749 cuius
390 2686 434 2750 sic
462 2686 666 2770 asperitatem
691 2685 809 2750 veritus
833 2687 898 2761 est,
924 2685 979 2761 ut,
994 2703 1098 2766 quem

60 2852 62 2856 ,
100 2816 197 2859 nemo
220 2795 303 2859 ferra
326 2789 456 2881 posset,
481 2797 577 2862 huius
596 2798 664 2863 sine
686 2797 859 2862 offensione
881 2797 922 2858 ad
942 2817 1099 2858 summam

101 2907 299 2971 senectutem
326 2907 495 2973 retinuerit
525 2908 793 2974 benevolentiam.
826 2927 889 2990 quo
917 2905 1002 2969 facto
1024 2905 1099 2968 tulit

99 3017 231 3102 pietatis
261 3018 412 3084 fructum.
446 3017 601 3084 Caecilius
632 3019 718 3084 enim
741 3018 880 3084 moriens
905 3018 1129 3080 testament02

100 3129 269 3213 adoptavit
293 3153 365 3194 eum
386 3131 596 3215 heredemque
619 3130 694 3195 feeit
718 3152 756 3195 ex
782 3129 953 3192 dodrante:
980 3148 1019 3190 ex
1036 3148 1099 3210 qua

100 3240 279 3306 hereditate
323 3243 445 3327 accepit
490 3242 615 3307 circiter
651 3241 770 3306 centies
804 3237 994 3305 sestertium.
1031 3240 1100 3300 erat

100 3354 206 3437 nupta
231 3374 320 3418 soror
343 3353 446 3419 Attici
468 3354 505 3429 Q.
523 3352 629 3418 Tullio
650 3350 813 3429 Ciceroni,
834 3372 948 3435 easque
968 3348 1099 3441 nuptias

100 3463 146 3528 M.
178 3461 288 3529 Cicero
313 3466 516 3543 conciliarat,
543 3487 614 3530 curn
637 3485 702 3548 quo
727 3486 746 3527 a
771 3461 1027 3545 condiscipulatu
1050 3460 1100 3524 vi·

100 3575 199 3640 vebat
231 3577 507 3655 coniunctissime,
539 3577 641 3642 multo
669 3576 765 3640 etiam
788 3572 978 3638 familiarius
1002 3592 1099 3657 quarn
