2460 4026
152 182 197 247 94
454 199 555 244 xum.
577 197 735 242 aunnnns.
762 180 792 243 6.
818 179 849 242 7.

122 373 311 439 accerbiore
346 375 490 438 uteretur
520 372 664 456 imperio.
702 371 817 435 horum
848 341 906 435 illa
938 370 1020 435 nihil
1052 372 1147 439 tecit:

152 509 228 551 nam
259 490 292 550 et
322 485 358 549 in
381 484 603 548 Macedoniam
628 482 771 566 proiecta
797 487 845 547 est
869 485 902 547 et
923 483 970 546 ibi
993 484 1149 549 crudelis·

153 597 231 661 sime
266 617 299 660 se
321 595 429 680 gessit.
454 595 548 678 petiit
572 597 678 658 autem
701 594 742 657 ab
766 593 910 658 Eumene
930 595 1081 672 absente,
1107 617 1152 660 ne

155 709 319 792 pateretur
352 706 495 790 Philippi
529 709 642 770 domus
678 727 715 769 ac
749 705 889 769 familiae
911 706 1151 772 inimicissimos

155 819 286 903 stirpem
322 839 448 903 quoque
482 817 683 893 interimere,
719 816 879 899 ferretque
915 823 1016 902 opem¹
1038 819 1150 886 liberis

125 929 338 995 4Alexandri.
375 951 471 1014 quarn
505 928 633 993 veniam
669 928 696 992 si
731 930 839 1006 daret,
875 950 972 1013 quam
1006 932 1150 1013 primum

155 1042 310 1106 exercitus
345 1042 489 1126 pararet,
525 1060 605 1124 quos
641 1040 702 1104 sibi
737 1039 878 1114 subsidio
910 1040 1092 1105 adduceret.
1116 1041 1150 1106 id

154 1175 218 1238 quo
253 1154 378 1219 facilius
413 1153 548 1229 faceret,
584 1174 617 1216 se
649 1152 797 1216 omnibus
821 1151 1006 1235 praefectis,
1031 1153 1150 1236 quiin

155 1265 257 1329 officio
301 1265 492 1341 manebant,
528 1264 652 1328 misisse
686 1264 826 1346 litteras,
864 1265 901 1327 ut
935 1263 965 1327 ei
999 1266 1154 1347 parerent

127 1376 283 1459 seiusque
318 1375 457 1440 consiliis
490 1377 662 1439 uterentur.
698 1373 748 1438 his
773 1375 868 1438 rebus
890 1372 1051 1438 Eumenes
1075 1395 1150 1458 per·

154 1488 260 1551 motus
285 1487 384 1552 satius
408 1486 517 1568 duxit,
539 1487 566 1551 si
585 1487 631 1550 ita
650 1487 775 1551 tulisset
790 1485 938 1562 fortuna,
952 1485 1056 1569 perire
1068 1485 1153 1549 bene

153 1598 274 1662 meritis
298 1597 486 1662 referentem
510 1598 647 1682 gratiam
672 1620 768 1683 quam
790 1598 956 1680 ingratum
976 1597 1092 1661 vivere.

133 1710 151 1773 7
200 1709 315 1795 Itaque
354 1709 461 1794 copias
485 1709 661 1794 contraxit,
687 1709 808 1773 bellum
833 1709 982 1773 adversus
1006 1706 1147 1792 Antigo-

153 1844 231 1886 num
267 1823 473 1906 comparavit.
509 1823 595 1907 quod
631 1845 696 1886 una
730 1824 822 1886 erant
845 1821 1035 1886 Macedones
1060 1841 1148 1884 com-

154 1932 262 2016 plures
292 1932 435 2010 nobiles,
467 1933 501 1996 in
525 1934 564 1996 ii·
587 1933 771 2010 Peucestes,
796 1933 852 2017 qui
877 1932 1017 2016 corporis
1040 1933 1148 1995 custos

153 2042 260 2107 fuerat
283 2042 477 2122 Alexandri,
501 2045 571 2107 tum
595 2046 702 2107 autem
726 2045 896 2108 obtinebat
913 2043 1092 2118 Persidem,
1115 2045 1149 2106 ct

152 2153 350 2240 Antigenes,
385 2155 475 2219 cuius
498 2154 557 2219 sub
581 2155 714 2239 imperio
739 2155 882 2239 phalanx
905 2157 976 2219 erat
997 2152 1146 2219 Macedo·

152 2290 251 2345 num,
286 2267 442 2331 invidiam
478 2289 608 2344 verens,
653 2289 749 2351 quam
780 2270 891 2330 tamen
915 2265 1054 2350 effugere
1078 2286 1145 2329 non

152 2378 278 2462 potuit,
303 2379 330 2441 si
352 2377 459 2461 potius
481 2378 550 2461 ipse
570 2377 749 2460 alienigena
770 2399 894 2441 summa
913 2376 1039 2459 imperii
1059 2375 1147 2459 poti-

38 2549 43 2553 .
141 2494 247 2568 retur,
273 2512 369 2574 quam
393 2489 473 2552 alius
496 2488 723 2566 Macedonum,
749 2510 884 2573 quorum
908 2487 954 2551 ibi
973 2489 1042 2551 erat
1060 2487 1146 2551 mul·

123 2600 277 2684 etitudo,
301 2601 337 2663 in
361 2600 526 2684 principiis
549 2598 725 2663 Alexandri
748 2599 878 2663 nomine
901 2599 1144 2662 tabernaculum

153 2709 266 2773 statuit
287 2709 322 2773 in
348 2730 447 2793 eoque
467 2709 576 2773 sellam
594 2731 722 2773 auream
744 2731 816 2774 cum
834 2713 960 2793 sceptro
981 2731 1017 2772 ac
1037 2710 1146 2773 diade-

154 2823 240 2884 mate
261 2819 353 2884 iussit
376 2820 454 2903 poni
477 2841 576 2904 eoque
600 2842 710 2884 omnes
733 2821 877 2904 quotidie
899 2820 1088 2898 convenire,
1109 2821 1147 2883 ut

151 2931 197 2995 ibi
232 2932 271 2996 de
308 2932 439 2996 summis
472 2933 567 2996 rebus
602 2931 735 2996 consilia
770 2933 978 3016 caperentur,
1013 2934 1147 2996 credens

152 3044 275 3109 minore
306 3066 340 3108 sc
362 3043 484 3107 invidie
506 3043 591 3121 fore,
616 3043 643 3107 si
666 3043 769 3127 specie
792 3042 919 3127 imperii
942 3043 1148 3127 nominisque

152 3155 355 3221 simulatione
384 3153 561 3219 Alexandri
584 3155 703 3218 bellum
726 3153 887 3217 videretur
911 3153 1145 3219 administrare.

123 3270 236 3350 equod
272 3267 384 3332 effecit.
421 3288 498 3330 nam
533 3286 605 3330 cum
637 3287 702 3330 non
727 3267 768 3328 ad
790 3263 944 3330 Eumenis
966 3265 1145 3350 principia,

151 3380 207 3441 sed
238 3379 278 3441 ad
300 3379 390 3463 regia
413 3376 635 3443 conveniretur
659 3381 754 3461 atque
776 3376 884 3443 ibide
906 3376 1001 3440 rebus
1025 3375 1146 3440 delibe-

151 3490 292 3567 raretur,
317 3489 456 3574 quodam
479 3487 573 3552 modo
596 3488 736 3566 latebat,
761 3510 835 3553 cum
858 3491 969 3552 temen
991 3508 1048 3571 per
1071 3509 1145 3551 eum

151 3623 252 3665 unum
275 3603 462 3684 gererentur
485 3600 604 3664 omnia.
