<?xml version="1.0" encoding="UTF-8"?>
<!DOCTYPE html PUBLIC "-//W3C//DTD XHTML 1.0 Transitional//EN"
    "http://www.w3.org/TR/xhtml1/DTD/xhtml1-transitional.dtd">
<html xmlns="http://www.w3.org/1999/xhtml" xml:lang="en" lang="en">
 <head>
  <title>
</title>
<meta http-equiv="Content-Type" content="text/html;charset=utf-8" />
  <meta name='ocr-system' content='tesseract 3.04.00' />
  <meta name='ocr-capabilities' content='ocr_page ocr_carea ocr_par ocr_line ocrx_word'/>
</head>
<body>
  <div class='ocr_page' id='page_1' title='image "./corneliinepotis09nepogoog_0075.png"; bbox 0 0 2460 4026; ppageno 0'>
   <div class='ocr_carea' id='block_1_1' title="bbox 130 181 809 246">
    <p class='ocr_par' dir='ltr' id='par_1_1' title="bbox 130 181 809 246">
     <span class='ocr_line' id='line_1_1' title="bbox 130 181 809 246; baseline 0.003 -3"><span class='ocrx_word' id='word_1_1' title='bbox 130 181 172 245; x_wconf 83' lang='lat'>56</span> <span class='ocrx_word' id='word_1_2' title='bbox 413 201 471 244; x_wconf 85' lang='lat' dir='ltr'>x11.</span> <span class='ocrx_word' id='word_1_3' title='bbox 497 199 665 246; x_wconf 74' lang='lat' dir='ltr'>canamus.</span> <span class='ocrx_word' id='word_1_4' title='bbox 693 181 809 246; x_wconf 85' lang='lat'>1-3.·</span> 
     </span>
    </p>
   </div>
   <div class='ocr_carea' id='block_1_2' title="bbox 35 374 1160 2016">
    <p class='ocr_par' dir='ltr' id='par_1_2' title="bbox 130 374 1124 457">
     <span class='ocr_line' id='line_1_2' title="bbox 130 374 1124 457; baseline 0.004 -20"><span class='ocrx_word' id='word_1_5' title='bbox 130 377 178 438; x_wconf 90' lang='lat' dir='ltr'>est</span> <span class='ocrx_word' id='word_1_6' title='bbox 214 395 308 438; x_wconf 86' lang='lat' dir='ltr'>ausus</span> <span class='ocrx_word' id='word_1_7' title='bbox 344 394 478 457; x_wconf 86' lang='lat' dir='ltr'>suosque</span> <span class='ocrx_word' id='word_1_8' title='bbox 511 374 575 437; x_wconf 91' lang='lat' dir='ltr'>iam</span> <span class='ocrx_word' id='word_1_9' title='bbox 609 374 807 438; x_wconf 79' lang='lat' dir='ltr'>incurrentes</span> <span class='ocrx_word' id='word_1_10' title='bbox 841 374 921 438; x_wconf 90' lang='lat' dir='ltr'>tuba</span> <span class='ocrx_word' id='word_1_11' title='bbox 952 377 1124 441; x_wconf 88' lang='lat' dir='ltr'>revocavit.</span> 
     </span>
    </p>

    <p class='ocr_par' dir='ltr' id='par_1_3' title="bbox 102 484 1128 1126">
     <span class='ocr_line' id='line_1_3' title="bbox 102 484 1128 571; baseline 0.006 -25"><span class='ocrx_word' id='word_1_12' title='bbox 102 485 192 551; x_wconf 78' lang='lat' dir='ltr'>ahoe</span> <span class='ocrx_word' id='word_1_13' title='bbox 223 507 323 569; x_wconf 89' lang='lat' dir='ltr'>nsque</span> <span class='ocrx_word' id='word_1_14' title='bbox 356 506 392 549; x_wconf 94' lang='lat' dir='ltr'>eo</span> <span class='ocrx_word' id='word_1_15' title='bbox 418 487 488 548; x_wconf 90' lang='lat' dir='ltr'>tota</span> <span class='ocrx_word' id='word_1_16' title='bbox 513 484 645 550; x_wconf 78' lang='lat' dir='ltr'>Graecia</span> <span class='ocrx_word' id='word_1_17' title='bbox 667 485 754 549; x_wconf 84' lang='lat' dir='ltr'>fama</span> <span class='ocrx_word' id='word_1_18' title='bbox 778 486 972 550; x_wconf 89' lang='lat' dir='ltr'>celebratum</span> <span class='ocrx_word' id='word_1_19' title='bbox 997 489 1063 571; x_wconf 87' lang='lat' dir='ltr'>est,</span> <span class='ocrx_word' id='word_1_20' title='bbox 1087 491 1128 552; x_wconf 92' lang='lat' dir='ltr'>ut</span> 
     </span>
     <span class='ocr_line' id='line_1_4' title="bbox 128 594 1127 682; baseline 0.003 -22"><span class='ocrx_word' id='word_1_21' title='bbox 128 596 184 660; x_wconf 92' lang='lat' dir='ltr'>illo</span> <span class='ocrx_word' id='word_1_22' title='bbox 215 599 302 661; x_wconf 89' lang='lat' dir='ltr'>statu</span> <span class='ocrx_word' id='word_1_23' title='bbox 332 594 484 660; x_wconf 75' lang='lat' dir='ltr'>Chabrias</span> <span class='ocrx_word' id='word_1_24' title='bbox 514 597 575 660; x_wconf 87' lang='lat' dir='ltr'>sibi</span> <span class='ocrx_word' id='word_1_25' title='bbox 605 599 745 660; x_wconf 87' lang='lat' dir='ltr'>statuam</span> <span class='ocrx_word' id='word_1_26' title='bbox 768 597 838 660; x_wconf 88' lang='lat' dir='ltr'>fieri</span> <span class='ocrx_word' id='word_1_27' title='bbox 861 597 1016 675; x_wconf 87' lang='lat' dir='ltr'>voluerit,</span> <span class='ocrx_word' id='word_1_28' title='bbox 1042 621 1127 682; x_wconf 89' lang='lat' dir='ltr'>quae</span> 
     </span>
     <span class='ocr_line' id='line_1_5' title="bbox 128 705 1125 792; baseline 0.003 -21"><span class='ocrx_word' id='word_1_29' title='bbox 128 707 254 792; x_wconf 91' lang='lat' dir='ltr'>publice</span> <span class='ocrx_word' id='word_1_30' title='bbox 286 706 315 770; x_wconf 92' lang='lat' dir='ltr'>ei</span> <span class='ocrx_word' id='word_1_31' title='bbox 346 706 386 770; x_wconf 90' lang='lat' dir='ltr'>ab</span> <span class='ocrx_word' id='word_1_32' title='bbox 416 705 668 771; x_wconf 77' lang='lat' dir='ltr'>Atheniensibus</span> <span class='ocrx_word' id='word_1_33' title='bbox 696 707 732 771; x_wconf 90' lang='lat' dir='ltr'>in</span> <span class='ocrx_word' id='word_1_34' title='bbox 763 707 835 771; x_wconf 87' lang='lat' dir='ltr'>foro</span> <span class='ocrx_word' id='word_1_35' title='bbox 864 710 1040 773; x_wconf 88' lang='lat' dir='ltr'>constituta</span> <span class='ocrx_word' id='word_1_36' title='bbox 1065 715 1125 774; x_wconf 82' lang='lat' dir='ltr'>est.</span> 
     </span>
     <span class='ocr_line' id='line_1_6' title="bbox 130 817 1126 904; baseline 0 -19"><span class='ocrx_word' id='word_1_37' title='bbox 130 843 168 885; x_wconf 82' lang='lat' dir='ltr'>ex</span> <span class='ocrx_word' id='word_1_38' title='bbox 199 840 261 904; x_wconf 90' lang='lat' dir='ltr'>quo</span> <span class='ocrx_word' id='word_1_39' title='bbox 294 817 414 882; x_wconf 88' lang='lat' dir='ltr'>factum</span> <span class='ocrx_word' id='word_1_40' title='bbox 438 821 486 882; x_wconf 89' lang='lat' dir='ltr'>est</span> <span class='ocrx_word' id='word_1_41' title='bbox 509 821 545 882; x_wconf 93' lang='lat' dir='ltr'>nt</span> <span class='ocrx_word' id='word_1_42' title='bbox 568 822 678 902; x_wconf 90' lang='lat' dir='ltr'>postea</span> <span class='ocrx_word' id='word_1_43' title='bbox 701 818 840 884; x_wconf 74' lang='lat' dir='ltr'>athletae</span> <span class='ocrx_word' id='word_1_44' title='bbox 863 820 1020 902; x_wconf 89' lang='lat' dir='ltr'>ceterique</span> <span class='ocrx_word' id='word_1_45' title='bbox 1045 823 1126 885; x_wconf 87' lang='lat' dir='ltr'>arti-</span> 
     </span>
     <span class='ocr_line' id='line_1_7' title="bbox 129 930 1128 1016; baseline 0.002 -22"><span class='ocrx_word' id='word_1_46' title='bbox 129 931 203 996; x_wconf 90' lang='lat' dir='ltr'>fices</span> <span class='ocrx_word' id='word_1_47' title='bbox 234 931 273 994; x_wconf 91' lang='lat' dir='ltr'>iis</span> <span class='ocrx_word' id='word_1_48' title='bbox 304 930 439 995; x_wconf 88' lang='lat' dir='ltr'>statibus</span> <span class='ocrx_word' id='word_1_49' title='bbox 465 931 501 993; x_wconf 90' lang='lat' dir='ltr'>in</span> <span class='ocrx_word' id='word_1_50' title='bbox 524 931 639 995; x_wconf 86' lang='lat' dir='ltr'>statuis</span> <span class='ocrx_word' id='word_1_51' title='bbox 662 932 819 1014; x_wconf 89' lang='lat' dir='ltr'>ponendis</span> <span class='ocrx_word' id='word_1_52' title='bbox 844 934 1025 1016; x_wconf 87' lang='lat' dir='ltr'>uterentur,</span> <span class='ocrx_word' id='word_1_53' title='bbox 1052 933 1128 1016; x_wconf 90' lang='lat' dir='ltr'>qui-</span> 
     </span>
     <span class='ocr_line' id='line_1_8' title="bbox 129 1043 648 1126; baseline 0 -19"><span class='ocrx_word' id='word_1_54' title='bbox 129 1043 189 1107; x_wconf 90' lang='lat' dir='ltr'>bus</span> <span class='ocrx_word' id='word_1_55' title='bbox 212 1043 378 1108; x_wconf 89' lang='lat' dir='ltr'>victoriam</span> <span class='ocrx_word' id='word_1_56' title='bbox 402 1044 507 1106; x_wconf 88' lang='lat' dir='ltr'>essent</span> <span class='ocrx_word' id='word_1_57' title='bbox 530 1043 648 1126; x_wconf 87' lang='lat' dir='ltr'>adepti.</span> 
     </span>
    </p>

    <p class='ocr_par' dir='ltr' id='par_1_4' title="bbox 100 1152 1160 1462">
     <span class='ocr_line' id='line_1_9' title="bbox 100 1152 1126 1238; baseline 0 -20"><span class='ocrx_word' id='word_1_58' title='bbox 100 1156 118 1218; x_wconf 83' lang='lat'><strong>2</strong></span> <span class='ocrx_word' id='word_1_59' title='bbox 175 1152 329 1220; x_wconf 89' lang='lat' dir='ltr'>Chabrias</span> <span class='ocrx_word' id='word_1_60' title='bbox 353 1157 460 1218; x_wconf 89' lang='lat' dir='ltr'>autem</span> <span class='ocrx_word' id='word_1_61' title='bbox 483 1153 585 1217; x_wconf 88' lang='lat' dir='ltr'>multa</span> <span class='ocrx_word' id='word_1_62' title='bbox 607 1154 643 1217; x_wconf 95' lang='lat' dir='ltr'>in</span> <span class='ocrx_word' id='word_1_63' title='bbox 665 1153 795 1238; x_wconf 85' lang='lat' dir='ltr'>Europa</span> <span class='ocrx_word' id='word_1_64' title='bbox 813 1154 897 1218; x_wconf 90' lang='lat' dir='ltr'>bella</span> <span class='ocrx_word' id='word_1_65' title='bbox 917 1154 1126 1219; x_wconf 88' lang='lat' dir='ltr'>administra-</span> 
     </span>
     <span class='ocr_line' id='line_1_10' title="bbox 129 1263 1126 1350; baseline 0 -20"><span class='ocrx_word' id='word_1_66' title='bbox 129 1267 194 1345; x_wconf 88' lang='lat' dir='ltr'>vit,</span> <span class='ocrx_word' id='word_1_67' title='bbox 227 1288 299 1330; x_wconf 91' lang='lat' dir='ltr'>cum</span> <span class='ocrx_word' id='word_1_68' title='bbox 331 1266 395 1329; x_wconf 84' lang='lat' dir='ltr'>dux</span> <span class='ocrx_word' id='word_1_69' title='bbox 423 1263 671 1329; x_wconf 77' lang='lat' dir='ltr'>Atheniensium</span> <span class='ocrx_word' id='word_1_70' title='bbox 703 1270 798 1329; x_wconf 89' lang='lat' dir='ltr'>esset:</span> <span class='ocrx_word' id='word_1_71' title='bbox 832 1265 865 1330; x_wconf 93' lang='lat' dir='ltr'>in</span> <span class='ocrx_word' id='word_1_72' title='bbox 890 1264 1041 1350; x_wconf 85' lang='lat' dir='ltr'>Aegypto</span> <span class='ocrx_word' id='word_1_73' title='bbox 1066 1289 1126 1330; x_wconf 90' lang='lat' dir='ltr'>sua</span> 
     </span>
     <span class='ocr_line' id='line_1_11' title="bbox 129 1374 1160 1462; baseline 0 -20"><span class='ocrx_word' id='word_1_74' title='bbox 129 1380 244 1462; x_wconf 90' lang='lat' dir='ltr'>sponte</span> <span class='ocrx_word' id='word_1_75' title='bbox 279 1376 393 1460; x_wconf 85' lang='lat' dir='ltr'>gessit:</span> <span class='ocrx_word' id='word_1_76' title='bbox 429 1397 505 1438; x_wconf 92' lang='lat' dir='ltr'>nam</span> <span class='ocrx_word' id='word_1_77' title='bbox 539 1374 751 1440; x_wconf 85' lang='lat' dir='ltr'>Nectanabim</span> <span class='ocrx_word' id='word_1_78' title='bbox 787 1377 932 1441; x_wconf 91' lang='lat' dir='ltr'>adiutum</span> <span class='ocrx_word' id='word_1_79' title='bbox 961 1376 1128 1460; x_wconf 84' lang='lat' dir='ltr'>profectus</span> <span class='ocrx_word' id='word_1_80' title='bbox 1157 1414 1160 1418; x_wconf 18' lang='grc' dir='ltr'><em>Δ</em></span> 
     </span>
    </p>

    <p class='ocr_par' dir='ltr' id='par_1_5' title="bbox 100 1485 1127 1909">
     <span class='ocr_line' id='line_1_12' title="bbox 100 1485 1127 1572; baseline 0.004 -23"><span class='ocrx_word' id='word_1_81' title='bbox 100 1502 263 1571; x_wconf 79' lang='lat' dir='ltr'>aregnnm</span> <span class='ocrx_word' id='word_1_82' title='bbox 295 1486 324 1550; x_wconf 88' lang='lat' dir='ltr'>ei</span> <span class='ocrx_word' id='word_1_83' title='bbox 355 1486 531 1551; x_wconf 86' lang='lat' dir='ltr'>constituit.</span> <span class='ocrx_word' id='word_1_84' title='bbox 565 1485 641 1551; x_wconf 89' lang='lat' dir='ltr'>fecit</span> <span class='ocrx_word' id='word_1_85' title='bbox 670 1487 754 1551; x_wconf 90' lang='lat' dir='ltr'>idem</span> <span class='ocrx_word' id='word_1_86' title='bbox 778 1485 891 1572; x_wconf 81' lang='lat' dir='ltr'>Cypri,</span> <span class='ocrx_word' id='word_1_87' title='bbox 918 1488 973 1552; x_wconf 87' lang='lat' dir='ltr'>sed</span> <span class='ocrx_word' id='word_1_88' title='bbox 996 1488 1127 1572; x_wconf 86' lang='lat' dir='ltr'>publice</span> 
     </span>
     <span class='ocr_line' id='line_1_13' title="bbox 129 1597 1127 1684; baseline 0.002 -21"><span class='ocrx_word' id='word_1_89' title='bbox 129 1599 169 1663; x_wconf 90' lang='lat' dir='ltr'>ab</span> <span class='ocrx_word' id='word_1_90' title='bbox 193 1597 445 1664; x_wconf 84' lang='lat' dir='ltr'>Atheniensibus</span> <span class='ocrx_word' id='word_1_91' title='bbox 465 1597 632 1682; x_wconf 82' lang='lat' dir='ltr'>Euagorae</span> <span class='ocrx_word' id='word_1_92' title='bbox 655 1599 781 1662; x_wconf 90' lang='lat' dir='ltr'>adiutor</span> <span class='ocrx_word' id='word_1_93' title='bbox 800 1601 893 1663; x_wconf 87' lang='lat' dir='ltr'>datus</span> <span class='ocrx_word' id='word_1_94' title='bbox 913 1621 1016 1683; x_wconf 88' lang='lat' dir='ltr'>neque</span> <span class='ocrx_word' id='word_1_95' title='bbox 1034 1600 1127 1684; x_wconf 89' lang='lat' dir='ltr'>prius</span> 
     </span>
     <span class='ocr_line' id='line_1_14' title="bbox 128 1709 1123 1794; baseline 0.001 -19"><span class='ocrx_word' id='word_1_96' title='bbox 128 1711 204 1775; x_wconf 91' lang='lat' dir='ltr'>inde</span> <span class='ocrx_word' id='word_1_97' title='bbox 228 1709 384 1794; x_wconf 82' lang='lat' dir='ltr'>discessit,</span> <span class='ocrx_word' id='word_1_98' title='bbox 411 1731 507 1793; x_wconf 90' lang='lat' dir='ltr'>qnam</span> <span class='ocrx_word' id='word_1_99' title='bbox 531 1712 633 1773; x_wconf 88' lang='lat' dir='ltr'>totam</span> <span class='ocrx_word' id='word_1_100' title='bbox 656 1710 795 1774; x_wconf 88' lang='lat' dir='ltr'>insulam</span> <span class='ocrx_word' id='word_1_101' title='bbox 819 1710 903 1775; x_wconf 91' lang='lat' dir='ltr'>bello</span> <span class='ocrx_word' id='word_1_102' title='bbox 924 1710 1123 1776; x_wconf 86' lang='lat' dir='ltr'>devinceret:</span> 
     </span>
     <span class='ocr_line' id='line_1_15' title="bbox 128 1821 1126 1909; baseline 0.003 -24"><span class='ocrx_word' id='word_1_103' title='bbox 128 1845 191 1906; x_wconf 90' lang='lat' dir='ltr'>qna</span> <span class='ocrx_word' id='word_1_104' title='bbox 215 1844 253 1886; x_wconf 86' lang='lat' dir='ltr'>ex</span> <span class='ocrx_word' id='word_1_105' title='bbox 276 1844 310 1885; x_wconf 90' lang='lat' dir='ltr'>re</span> <span class='ocrx_word' id='word_1_106' title='bbox 333 1821 545 1886; x_wconf 90' lang='lat' dir='ltr'>Athenienses</span> <span class='ocrx_word' id='word_1_107' title='bbox 569 1841 719 1905; x_wconf 88' lang='lat' dir='ltr'>magnam</span> <span class='ocrx_word' id='word_1_108' title='bbox 743 1822 879 1906; x_wconf 86' lang='lat' dir='ltr'>gloriam</span> <span class='ocrx_word' id='word_1_109' title='bbox 903 1827 979 1888; x_wconf 88' lang='lat' dir='ltr'>sunt</span> <span class='ocrx_word' id='word_1_110' title='bbox 1002 1824 1126 1909; x_wconf 87' lang='lat' dir='ltr'>adepti.</span> 
     </span>
    </p>

    <p class='ocr_par' dir='ltr' id='par_1_6' title="bbox 35 1907 1124 2016">
     <span class='ocr_line' id='line_1_16' title="bbox 35 1907 1124 2016; baseline 0.006 -23"><span class='ocrx_word' id='word_1_111' title='bbox 35 1989 38 1993; x_wconf 81' lang='lat'><strong>.</strong></span> <span class='ocrx_word' id='word_1_112' title='bbox 100 1935 256 1999; x_wconf 85' lang='lat' dir='ltr'>ainterim</span> <span class='ocrx_word' id='word_1_113' title='bbox 287 1907 410 1997; x_wconf 79' lang='lat' dir='ltr'>belluni</span> <span class='ocrx_word' id='word_1_114' title='bbox 437 1931 522 1995; x_wconf 90' lang='lat' dir='ltr'>inter</span> <span class='ocrx_word' id='word_1_115' title='bbox 552 1930 731 2016; x_wconf 84' lang='lat' dir='ltr'>Aegyptios</span> <span class='ocrx_word' id='word_1_116' title='bbox 756 1936 788 1997; x_wconf 91' lang='lat' dir='ltr'>et</span> <span class='ocrx_word' id='word_1_117' title='bbox 810 1933 923 1998; x_wconf 88' lang='lat' dir='ltr'>Persas</span> <span class='ocrx_word' id='word_1_118' title='bbox 946 1935 1124 2000; x_wconf 86' lang='lat' dir='ltr'>conflatum</span> 
     </span>
    </p>
   </div>
   <div class='ocr_carea' id='block_1_3' title="bbox 44 2041 1124 2135">
    <p class='ocr_par' dir='ltr' id='par_1_7' title="bbox 44 2041 1124 2135">
     <span class='ocr_line' id='line_1_17' title="bbox 44 2041 1124 2135; baseline 0 -24"><span class='ocrx_word' id='word_1_119' title='bbox 44 2130 46 2135; x_wconf 23' lang='grc' dir='ltr'>Ι</span> <span class='ocrx_word' id='word_1_120' title='bbox 128 2051 184 2111; x_wconf 89' lang='lat' dir='ltr'>est.</span> <span class='ocrx_word' id='word_1_121' title='bbox 230 2043 444 2110; x_wconf 89' lang='lat' dir='ltr'>Athenienses</span> <span class='ocrx_word' id='word_1_122' title='bbox 485 2065 556 2106; x_wconf 88' lang='lat' dir='ltr'>cnm</span> <span class='ocrx_word' id='word_1_123' title='bbox 591 2041 768 2108; x_wconf 82' lang='lat' dir='ltr'>Artaxerxe</span> <span class='ocrx_word' id='word_1_124' title='bbox 803 2045 987 2110; x_wconf 86' lang='lat' dir='ltr'>societatem</span> <span class='ocrx_word' id='word_1_125' title='bbox 1023 2046 1124 2111; x_wconf 89' lang='lat' dir='ltr'>habe-</span> 
     </span>
    </p>
   </div>
   <div class='ocr_carea' id='block_1_4' title="bbox 99 2154 1171 3692">
    <p class='ocr_par' dir='ltr' id='par_1_8' title="bbox 128 2154 1126 2688">
     <span class='ocr_line' id='line_1_18' title="bbox 128 2154 1125 2240; baseline 0 -18"><span class='ocrx_word' id='word_1_126' title='bbox 128 2159 225 2236; x_wconf 89' lang='lat' dir='ltr'>bant,</span> <span class='ocrx_word' id='word_1_127' title='bbox 253 2155 496 2221; x_wconf 87' lang='lat' dir='ltr'>Lacedaemonii</span> <span class='ocrx_word' id='word_1_128' title='bbox 520 2177 591 2221; x_wconf 89' lang='lat' dir='ltr'>cum</span> <span class='ocrx_word' id='word_1_129' title='bbox 614 2154 802 2240; x_wconf 86' lang='lat' dir='ltr'>Aegyptiis,</span> <span class='ocrx_word' id='word_1_130' title='bbox 827 2179 845 2219; x_wconf 89' lang='lat' dir='ltr'>a</span> <span class='ocrx_word' id='word_1_131' title='bbox 869 2157 984 2240; x_wconf 91' lang='lat' dir='ltr'>quibus</span> <span class='ocrx_word' id='word_1_132' title='bbox 1009 2158 1125 2223; x_wconf 74' lang='lat' dir='ltr'>miuus</span> 
     </span>
     <span class='ocr_line' id='line_1_19' title="bbox 128 2267 1126 2354; baseline -0.001 -20"><span class='ocrx_word' id='word_1_133' title='bbox 128 2289 263 2354; x_wconf 90' lang='lat' dir='ltr'>magnas</span> <span class='ocrx_word' id='word_1_134' title='bbox 293 2271 426 2352; x_wconf 86' lang='lat' dir='ltr'>praedas</span> <span class='ocrx_word' id='word_1_135' title='bbox 456 2268 644 2353; x_wconf 86' lang='lat' dir='ltr'>Agesilaus,</span> <span class='ocrx_word' id='word_1_136' title='bbox 676 2290 733 2332; x_wconf 83' lang='lat' dir='ltr'>rex</span> <span class='ocrx_word' id='word_1_137' title='bbox 764 2289 891 2346; x_wconf 87' lang='lat' dir='ltr'>eorum,</span> <span class='ocrx_word' id='word_1_138' title='bbox 915 2267 1065 2334; x_wconf 89' lang='lat' dir='ltr'>faciebat.</span> <span class='ocrx_word' id='word_1_139' title='bbox 1090 2269 1126 2333; x_wconf 91' lang='lat' dir='ltr'>id</span> 
     </span>
     <span class='ocr_line' id='line_1_20' title="bbox 128 2377 1124 2464; baseline -0.002 -18"><span class='ocrx_word' id='word_1_140' title='bbox 128 2383 258 2447; x_wconf 88' lang='lat' dir='ltr'>intuens</span> <span class='ocrx_word' id='word_1_141' title='bbox 283 2377 455 2463; x_wconf 83' lang='lat' dir='ltr'>Chabrias,</span> <span class='ocrx_word' id='word_1_142' title='bbox 483 2401 554 2443; x_wconf 91' lang='lat' dir='ltr'>cum</span> <span class='ocrx_word' id='word_1_143' title='bbox 576 2379 611 2442; x_wconf 94' lang='lat' dir='ltr'>in</span> <span class='ocrx_word' id='word_1_144' title='bbox 632 2401 671 2443; x_wconf 55' lang='lat' dir='ltr'>re&gt;</span> <span class='ocrx_word' id='word_1_145' title='bbox 691 2380 780 2443; x_wconf 90' lang='lat' dir='ltr'>nulla</span> <span class='ocrx_word' id='word_1_146' title='bbox 805 2379 954 2464; x_wconf 90' lang='lat' dir='ltr'>Agesilao</span> <span class='ocrx_word' id='word_1_147' title='bbox 980 2381 1124 2458; x_wconf 89' lang='lat' dir='ltr'>cederet,</span> 
     </span>
     <span class='ocr_line' id='line_1_21' title="bbox 128 2489 1125 2575; baseline 0 -19"><span class='ocrx_word' id='word_1_148' title='bbox 128 2516 185 2557; x_wconf 87' lang='lat' dir='ltr'>sua</span> <span class='ocrx_word' id='word_1_149' title='bbox 220 2494 334 2575; x_wconf 90' lang='lat' dir='ltr'>sponte</span> <span class='ocrx_word' id='word_1_150' title='bbox 365 2512 418 2554; x_wconf 90' lang='lat' dir='ltr'>eos</span> <span class='ocrx_word' id='word_1_151' title='bbox 450 2489 595 2554; x_wconf 89' lang='lat' dir='ltr'>adiutum</span> <span class='ocrx_word' id='word_1_152' title='bbox 626 2489 787 2573; x_wconf 83' lang='lat' dir='ltr'>profectus</span> <span class='ocrx_word' id='word_1_153' title='bbox 820 2489 999 2575; x_wconf 79' lang='lat' dir='ltr'>Aegyptiae</span> <span class='ocrx_word' id='word_1_154' title='bbox 1031 2491 1125 2556; x_wconf 87' lang='lat' dir='ltr'>classi</span> 
     </span>
     <span class='ocr_line' id='line_1_22' title="bbox 128 2600 833 2688; baseline -0.003 -22"><span class='ocrx_word' id='word_1_155' title='bbox 128 2602 285 2688; x_wconf 87' lang='lat' dir='ltr'>praefuit,</span> <span class='ocrx_word' id='word_1_156' title='bbox 309 2601 509 2687; x_wconf 84' lang='lat' dir='ltr'>pedestribus</span> <span class='ocrx_word' id='word_1_157' title='bbox 533 2600 632 2684; x_wconf 88' lang='lat' dir='ltr'>copiis</span> <span class='ocrx_word' id='word_1_158' title='bbox 656 2601 833 2685; x_wconf 90' lang='lat' dir='ltr'>Agesilaus.</span> 
     </span>
    </p>

    <p class='ocr_par' dir='ltr' id='par_1_9' title="bbox 99 2711 1171 3692">
     <span class='ocr_line' id='line_1_23' title="bbox 99 2711 1125 2804; baseline -0.001 -24"><span class='ocrx_word' id='word_1_159' title='bbox 99 2717 119 2780; x_wconf 85' lang='lat'>3</span> <span class='ocrx_word' id='word_1_160' title='bbox 174 2714 257 2778; x_wconf 85' lang='lat' dir='ltr'>Tum</span> <span class='ocrx_word' id='word_1_161' title='bbox 299 2711 452 2804; x_wconf 74' lang='lat' dir='ltr'>praesepti</span> <span class='ocrx_word' id='word_1_162' title='bbox 494 2712 574 2795; x_wconf 90' lang='lat' dir='ltr'>regii</span> <span class='ocrx_word' id='word_1_163' title='bbox 616 2712 740 2796; x_wconf 87' lang='lat' dir='ltr'>legatos</span> <span class='ocrx_word' id='word_1_164' title='bbox 783 2713 940 2778; x_wconf 90' lang='lat' dir='ltr'>miserunt</span> <span class='ocrx_word' id='word_1_165' title='bbox 977 2712 1125 2779; x_wconf 88' lang='lat' dir='ltr'>Athenas</span> 
     </span>
     <span class='ocr_line' id='line_1_24' title="bbox 128 2821 1125 2910; baseline -0.002 -20"><span class='ocrx_word' id='word_1_166' title='bbox 128 2829 291 2910; x_wconf 86' lang='lat' dir='ltr'>questum,</span> <span class='ocrx_word' id='word_1_167' title='bbox 341 2826 427 2908; x_wconf 91' lang='lat' dir='ltr'>quod</span> <span class='ocrx_word' id='word_1_168' title='bbox 471 2821 625 2887; x_wconf 88' lang='lat' dir='ltr'>Chabrias</span> <span class='ocrx_word' id='word_1_169' title='bbox 668 2824 818 2889; x_wconf 89' lang='lat' dir='ltr'>adversus</span> <span class='ocrx_word' id='word_1_170' title='bbox 861 2845 968 2909; x_wconf 84' lang='lat' dir='ltr'>regem</span> <span class='ocrx_word' id='word_1_171' title='bbox 1005 2824 1125 2889; x_wconf 92' lang='lat' dir='ltr'>bellum</span> 
     </span>
     <span class='ocr_line' id='line_1_25' title="bbox 128 2933 1124 3029; baseline -0.003 -27"><span class='ocrx_word' id='word_1_172' title='bbox 128 2940 252 3023; x_wconf 89' lang='lat' dir='ltr'>gereret</span> <span class='ocrx_word' id='word_1_173' title='bbox 294 2959 367 3001; x_wconf 91' lang='lat' dir='ltr'>cum</span> <span class='ocrx_word' id='word_1_174' title='bbox 407 2934 587 3029; x_wconf 86' lang='lat' dir='ltr'>Aegyptiis.</span> <span class='ocrx_word' id='word_1_175' title='bbox 631 2933 846 3000; x_wconf 89' lang='lat' dir='ltr'>Athenienses</span> <span class='ocrx_word' id='word_1_176' title='bbox 887 2935 971 2999; x_wconf 90' lang='lat' dir='ltr'>diem</span> <span class='ocrx_word' id='word_1_177' title='bbox 1006 2939 1124 3001; x_wconf 87' lang='lat' dir='ltr'>certam</span> 
     </span>
     <span class='ocr_line' id='line_1_26' title="bbox 129 3047 1125 3132; baseline -0.003 -17"><span class='ocrx_word' id='word_1_178' title='bbox 129 3048 284 3116; x_wconf 88' lang='lat' dir='ltr'>Chabriae</span> <span class='ocrx_word' id='word_1_179' title='bbox 316 3047 586 3132; x_wconf 86' lang='lat' dir='ltr'>praestituerunt,</span> <span class='ocrx_word' id='word_1_180' title='bbox 616 3069 712 3131; x_wconf 89' lang='lat' dir='ltr'>quam</span> <span class='ocrx_word' id='word_1_181' title='bbox 736 3050 811 3112; x_wconf 87' lang='lat' dir='ltr'>anta</span> <span class='ocrx_word' id='word_1_182' title='bbox 835 3050 965 3111; x_wconf 90' lang='lat' dir='ltr'>domum</span> <span class='ocrx_word' id='word_1_183' title='bbox 989 3048 1051 3113; x_wconf 84' lang='lat' dir='ltr'>nisi</span> <span class='ocrx_word' id='word_1_184' title='bbox 1073 3070 1125 3112; x_wconf 88' lang='lat' dir='ltr'>re-</span> 
     </span>
     <span class='ocr_line' id='line_1_27' title="bbox 129 3140 1123 3244; baseline -0.001 -19"><span class='ocrx_word' id='word_1_185' title='bbox 129 3162 242 3239; x_wconf 87' lang='lat' dir='ltr'>disset,</span> <span class='ocrx_word' id='word_1_186' title='bbox 286 3159 380 3244; x_wconf 86' lang='lat' dir='ltr'>capit&#39;</span> <span class='ocrx_word' id='word_1_187' title='bbox 440 3181 473 3223; x_wconf 91' lang='lat' dir='ltr'>se</span> <span class='ocrx_word' id='word_1_188' title='bbox 511 3159 604 3224; x_wconf 90' lang='lat' dir='ltr'>illum</span> <span class='ocrx_word' id='word_1_189' title='bbox 639 3160 845 3223; x_wconf 87' lang='lat' dir='ltr'>damnaturos</span> <span class='ocrx_word' id='word_1_190' title='bbox 880 3140 1123 3224; x_wconf 84' lang='lat' dir='ltr'>denuntiarunt.</span> 
     </span>
     <span class='ocr_line' id='line_1_28' title="bbox 128 3269 1171 3354; baseline -0.004 -18"><span class='ocrx_word' id='word_1_191' title='bbox 128 3273 188 3336; x_wconf 93' lang='lat' dir='ltr'>hoc</span> <span class='ocrx_word' id='word_1_192' title='bbox 222 3273 277 3337; x_wconf 91' lang='lat' dir='ltr'>ille</span> <span class='ocrx_word' id='word_1_193' title='bbox 311 3270 427 3336; x_wconf 92' lang='lat' dir='ltr'>nuntio</span> <span class='ocrx_word' id='word_1_194' title='bbox 462 3269 608 3335; x_wconf 90' lang='lat' dir='ltr'>Athenas</span> <span class='ocrx_word' id='word_1_195' title='bbox 640 3270 754 3347; x_wconf 90' lang='lat' dir='ltr'>rediit,</span> <span class='ocrx_word' id='word_1_196' title='bbox 790 3292 894 3354; x_wconf 89' lang='lat' dir='ltr'>neque</span> <span class='ocrx_word' id='word_1_197' title='bbox 928 3270 974 3334; x_wconf 95' lang='lat' dir='ltr'>ibi</span> <span class='ocrx_word' id='word_1_198' title='bbox 1004 3269 1125 3335; x_wconf 88' lang='lat' dir='ltr'>diutius</span> <span class='ocrx_word' id='word_1_199' title='bbox 1169 3328 1171 3333; x_wconf 84' lang='lat'>.</span> 
     </span>
     <span class='ocr_line' id='line_1_29' title="bbox 101 3381 1125 3466; baseline -0.005 -18"><span class='ocrx_word' id='word_1_200' title='bbox 101 3388 178 3450; x_wconf 77' lang='lat' dir='ltr'>aest</span> <span class='ocrx_word' id='word_1_201' title='bbox 208 3388 367 3461; x_wconf 89' lang='lat' dir='ltr'>moratus,</span> <span class='ocrx_word' id='word_1_202' title='bbox 399 3405 494 3466; x_wconf 89' lang='lat' dir='ltr'>quam</span> <span class='ocrx_word' id='word_1_203' title='bbox 525 3381 588 3446; x_wconf 88' lang='lat' dir='ltr'>fuit</span> <span class='ocrx_word' id='word_1_204' title='bbox 619 3403 755 3446; x_wconf 84' lang='lat' dir='ltr'>necesse.</span> <span class='ocrx_word' id='word_1_205' title='bbox 787 3403 854 3445; x_wconf 86' lang='lat' dir='ltr'>non</span> <span class='ocrx_word' id='word_1_206' title='bbox 879 3383 964 3455; x_wconf 87' lang='lat' dir='ltr'>enim</span> <span class='ocrx_word' id='word_1_207' title='bbox 987 3382 1125 3446; x_wconf 89' lang='lat' dir='ltr'>libenter</span> 
     </span>
     <span class='ocr_line' id='line_1_30' title="bbox 128 3493 1128 3578; baseline -0.006 -17"><span class='ocrx_word' id='word_1_208' title='bbox 128 3500 197 3562; x_wconf 88' lang='lat' dir='ltr'>erat</span> <span class='ocrx_word' id='word_1_209' title='bbox 232 3498 307 3561; x_wconf 91' lang='lat' dir='ltr'>ante</span> <span class='ocrx_word' id='word_1_210' title='bbox 341 3495 448 3560; x_wconf 88' lang='lat' dir='ltr'>oeulos</span> <span class='ocrx_word' id='word_1_211' title='bbox 483 3515 612 3560; x_wconf 90' lang='lat' dir='ltr'>suorum</span> <span class='ocrx_word' id='word_1_212' title='bbox 648 3493 780 3571; x_wconf 88' lang='lat' dir='ltr'>civium,</span> <span class='ocrx_word' id='word_1_213' title='bbox 818 3497 903 3578; x_wconf 91' lang='lat' dir='ltr'>quod</span> <span class='ocrx_word' id='word_1_214' title='bbox 935 3497 968 3558; x_wconf 88' lang='lat' dir='ltr'>et</span> <span class='ocrx_word' id='word_1_215' title='bbox 997 3493 1128 3558; x_wconf 81' lang='lat' dir='ltr'>vivebat</span> 
     </span>
     <span class='ocr_line' id='line_1_31' title="bbox 128 3603 1125 3692; baseline -0.004 -20"><span class='ocrx_word' id='word_1_216' title='bbox 128 3609 214 3674; x_wconf 90' lang='lat' dir='ltr'>laute</span> <span class='ocrx_word' id='word_1_217' title='bbox 234 3611 267 3673; x_wconf 90' lang='lat' dir='ltr'>et</span> <span class='ocrx_word' id='word_1_218' title='bbox 290 3606 479 3692; x_wconf 86' lang='lat' dir='ltr'>indulgebat</span> <span class='ocrx_word' id='word_1_219' title='bbox 502 3606 562 3671; x_wconf 88' lang='lat' dir='ltr'>sibi</span> <span class='ocrx_word' id='word_1_220' title='bbox 585 3605 766 3680; x_wconf 89' lang='lat' dir='ltr'>liberalius,</span> <span class='ocrx_word' id='word_1_221' title='bbox 792 3627 887 3690; x_wconf 89' lang='lat' dir='ltr'>quam</span> <span class='ocrx_word' id='word_1_222' title='bbox 911 3608 947 3668; x_wconf 89' lang='lat' dir='ltr'>ut</span> <span class='ocrx_word' id='word_1_223' title='bbox 969 3603 1125 3669; x_wconf 90' lang='lat' dir='ltr'>invidiam</span> 
     </span>
    </p>
   </div>
   <div class='ocr_carea' id='block_1_5' title="bbox 0 0 1235 4026">
    <p class='ocr_par' dir='ltr' id='par_1_10' title="bbox 0 0 1235 4026">
     <span class='ocr_line' id='line_1_32' title="bbox 0 0 1235 4026; baseline 0 0"><span class='ocrx_word' id='word_1_224' title='bbox 0 0 1235 4026; x_wconf 95' lang='lat' dir='ltr'> </span> 
     </span>
    </p>
   </div>
  </div>
 </body>
</html>
