2460 4026
439 224 500 270 xrr.
525 223 702 275 cusanus„
719 205 749 268 3.
775 206 806 269 4.
1055 204 1095 268 57

98 398 190 482 vulgi
220 402 327 482 posset
352 397 500 480 effugere.
525 399 574 460 est
596 397 680 463 enim
705 397 766 462 hoc
791 418 958 463 commune
982 395 1124 462 vitiuma

96 509 225 595 magnis
256 508 426 591 liberisque
457 507 656 584 civitatibus,
688 514 725 574 ut
749 508 872 575 invidia
895 508 1017 594 gloriae
1041 529 1095 572 co-

96 643 164 686 mes
195 620 238 685 sit
268 623 301 684 et
331 620 469 685 libenter
499 620 538 683 de
568 620 606 684 iis
640 621 829 700 detrahant,
855 641 935 706 quos
959 619 1096 684 eminere

96 733 229 798 videant
252 731 368 817 altius,
392 754 496 816 neque
521 732 629 796 animo
654 753 755 816 aequo
779 753 933 819 pauperes
958 731 1095 795 alienam
1214 797 1218 813 ι

96 843 294 929 opulentiam
326 845 522 909 intueantur.
555 844 663 927 itaque
693 841 848 909 Chabrias
871 866 943 908 curn
968 844 997 908 ei
1019 843 1095 907 lice-

96 956 171 1033 bat,
203 955 378 1040 plurimum
410 955 529 1019 aberat.
562 976 666 1038 neque
699 976 773 1020 vero
797 955 883 1019 solus
906 956 961 1019 ille
985 955 1126 1019 aberatr

95 1068 233 1134 Athenis
263 1068 418 1145 libenter,
450 1066 505 1132 sed
536 1087 646 1130 omnes
677 1066 743 1131 fere
767 1067 927 1151 principes
951 1066 1096 1130 fecerunt
1213 1064 1216 1072 '

95 1181 196 1258 idem,
224 1182 310 1264 quod
331 1182 458 1244 tantum
481 1199 515 1243 se
538 1177 579 1241 ab
601 1178 724 1242 invidia
747 1178 906 1262 putabant
931 1177 1092 1258 afuturos,

96 1293 287 1377 quantuma
306 1294 479 1374 conspeetu
498 1310 627 1354 suorum
641 1292 846 1354 recesserant.
858 1289 968 1374 itaque
982 1287 1094 1353 Conon

96 1403 271 1489 plurimum
284 1403 381 1487 Cypri
394 1402 491 1480 vixit,
505 1401 681 1486 Iphicrates
692 1404 728 1467 in
739 1403 893 1487 Thracia,
908 1400 1095 1465 Timotheus

96 1514 208 1601 Lesbi,
230 1513 349 1580 Chares
368 1514 473 1598 Sigei,
487 1514 649 1579 dissimilis
662 1516 791 1598 quidem
805 1514 923 1582 Chares
935 1512 1051 1577 horum
1065 1514 1096 1574 et

98 1623 1093 1708 factisetmoribus‚sedtamenAthenisethonoratusetpotens.

144 1737 299 1803 Chabrias
331 1738 438 1801 autem
465 1737 561 1821 periit
585 1737 669 1802 bello
693 1737 803 1802 sociali
827 1738 885 1801 tali
908 1738 1013 1800 mode.
1038 1734 1128 1817 op-4

96 1849 290 1935 pugnabant
319 1847 532 1912 Athenienses
564 1845 690 1914 Chium.
725 1851 794 1912 erat
823 1849 858 1912 in
887 1849 987 1912 classe
1011 1845 1096 1909 (lha-

94 1960 182 2025 brias
209 1960 370 2042 privatus,
395 1960 450 2023 sed
474 1980 604 2037 omnes,
629 1961 743 2043 quiin
767 1961 959 2045 magistratu
984 1961 1094 2034 erant,

96 2069 288 2136 auctoritate
312 2070 474 2146 anteibat,
498 2091 634 2154 eumque
657 2071 760 2155 magis
781 2071 899 2136 milites
921 2093 1017 2155 qnam
1041 2070 1096 2154 qui

95 2183 264 2266 praeerant
299 2180 507 2264 aspiciebant.
542 2203 624 2265 quae
659 2203 709 2245 res
745 2182 774 2244 ei
808 2182 984 2245 maturavit
1006 2193 1123 2244 mor-2

95 2295 174 2356 tem.
205 2314 281 2355 narn
304 2292 380 2355 dum
403 2292 526 2376 primus
550 2293 656 2357 studet
679 2296 808 2377 portum
831 2293 954 2357 intrare
977 2292 1094 2376 guber-

96 2406 305 2487 natoremque
335 2405 425 2468 iubet
456 2426 492 2468 eo
524 2404 660 2489 dirigere
687 2427 818 2490 navem,
845 2405 912 2489 ipse
937 2405 997 2469 sibi
1021 2426 1093 2488 per-

95 2515 193 2580 niciei
225 2515 307 2581 fuit:
340 2513 412 2579 cum
444 2517 529 2580 enirn
562 2538 598 2581 eo
630 2520 844 2601 penetrasset,
877 2520 999 2581 ceterae
1029 2536 1096 2579 non

58 2627 63 2635 ’
96 2631 175 2693 sunt
198 2617 333 2691 secutae.
359 2649 422 2711 quc
442 2628 528 2692 facto
548 2628 759 2693 circumfusus
779 2628 920 2692 hostium
941 2649 1097 2693 concursu

96 2761 170 2805 cum
193 2737 364 2804 fortissime
386 2744 563 2824 pugnaret,
588 2741 680 2804 navis
700 2743 803 2805 rostro
826 2762 974 2824 percussa
993 2739 1097 2822 coepit

96 2852 208 2916 sidere.
249 2849 326 2915 hinc
360 2849 506 2934 refugere
541 2872 612 2914 cum
648 2853 771 2935 posset,
808 2851 835 2915 si
856 2852 904 2916 ¹se
938 2852 974 2914 in
1009 2863 1126 2913 mares

97 2963 270 3027 deiecisset.
285 2963 388 3046 ··quod
419 2962 548 3026 suberat
580 2962 687 3028 classis
721 2963 985 3039 Atheniensium,
1017 2982 1097 3045 quae

98 3074 258 3158 exciperet
281 3075 449 3151 natantes,
474 3073 576 3156 perire
599 3074 713 3138 maluit
733 3098 829 3159 quam
850 3074 947 3139 armis
966 3070 1098 3135 abiectis

97 3207 213 3250 navem
246 3185 425 3268 relinquere
445 3185 513 3262 ,in
548 3207 611 3269 qua
645 3185 749 3251 fuerat
783 3191 903 3253 vectus.
934 3185 967 3247 id
1000 3181 1097 3246 ceteri

97 3296 202 3362 facero
233 3297 430 3378 noluerunt,
457 3297 512 3379 qui
544 3298 651 3362 nando
680 3298 715 3361 in
739 3301 847 3362 tutum
871 3296 1095 3381 pervenerunt.

10 3494 12 3499 ,
100 3412 133 3472 at
164 3407 237 3485 ille,
262 3411 424 3490 praestare
448 3407 617 3472 honestam
641 3413 776 3474 mortem
801 3409 986 3473 existimans
1010 3405 1098 3489 turpi
1125 3456 1133 3471 ,

97 3519 199 3597 ritae,
223 3518 370 3583 cominus
393 3538 543 3602 pugnans
566 3519 639 3584 telis
662 3520 802 3585 hostium
827 3519 1014 3584 interfectus
1030 3520 1096 3581 est.
1212 3496 1214 3500 Α

523 3657 721 3668 —--—...-
