2460 4026
142 168 206 232 140
381 164 384 171 “
435 185 511 230 xxv.
536 183 673 229 amicus.
699 163 753 227 20.
780 161 834 226 21.

113 361 273 427 shaberet
317 357 483 424 certiorem
517 357 621 423 iacere
655 355 809 422 Atticum.
846 353 908 418 hoc
944 353 1042 437 quale
1080 355 1139 438 sit,

140 470 264 536 facilius
295 468 491 534 existimabit
521 470 567 547 is,
592 469 649 553 qui
670 468 810 533 iudicare
832 466 970 552 poterit,
995 468 1138 550 quantae

141 583 183 648 sit
205 580 381 667 sapientiae
402 601 511 645 eorum
534 580 671 645 retinere
690 601 783 644 usum
794 576 1143 663 benevolentiamque,

141 694 227 758 inter
257 712 336 777 quos
360 691 570 755 maximarum
595 713 701 756 rerum
727 712 793 755 non
816 689 919 754 solum
944 687 1142 778 aemulatio,

142 806 197 870 sed
226 802 416 869 obtrectatio
440 805 532 867 tanta
555 803 789 882 intercedebat,
813 803 970 887 quantam
994 799 1060 865 fuit
1084 823 1142 866 ne·

143 938 227 982 cesse
254 915 340 980 inter
363 913 530 980 Caesarem
554 916 649 998 atque
671 912 872 990 Antonium,
898 935 970 978 cum
996 935 1030 977 sc
1053 917 1140 978 uter-

143 1050 205 1113 que
240 1026 416 1112 principem
451 1047 519 1090 non
555 1024 658 1090 solum
690 1025 778 1090 urbis
809 1024 949 1103 Rornae,
975 1025 1030 1090 sed
1055 1025 1144 1090 orbis

144 1143 301 1204 terrarum
325 1158 391 1201 esse
416 1138 553 1220 cuperet.

99 1251 140 1316 21
188 1249 261 1314 Tali
284 1250 379 1313 modo
403 1270 475 1313 cum
498 1250 619 1332 septem
644 1250 676 1312 et
699 1248 904 1333 septuaginta
927 1268 1031 1312 annos
1052 1268 1140 1312 com·

142 1362 260 1448 plesset
293 1363 389 1444 atque
423 1360 464 1423 ad
500 1360 674 1424 extremam
710 1363 906 1424 senectutem
930 1380 999 1423 non
1032 1359 1141 1423 minus

144 1472 303 1557 dignitate
338 1494 434 1556 quam
470 1471 574 1557 gratia
604 1470 797 1557 fortunaque
829 1471 978 1536 crevisset
1009 1471 1143 1557 (multas

77 1618 80 1622 ‡
146 1583 232 1648 enim
267 1582 459 1649 hereditates
493 1585 585 1649 nulla
618 1585 681 1649 alia
714 1607 748 1650 re
772 1606 868 1669 quam
891 1582 1038 1647 bonitate
1062 1604 1144 1647 con-

67 1761 76 1771 .,
146 1699 273 1761 secutus
309 1698 370 1782 est)
405 1699 560 1781 tantaque
591 1697 802 1782 prosperitate
833 1716 908 1760 usus
939 1697 1023 1758 esset
1053 1693 1144 1759 valc-

117 1807 288 1887 atudinis,
321 1812 358 1873 ut
386 1808 479 1873 annis
502 1808 638 1893 triginta
659 1807 818 1873 medicina
842 1828 908 1871 non
932 1806 1146 1890 indiguisset,

146 1921 260 1985 nactus
297 1924 346 1984 est
376 1920 542 2005 morbum,
574 1943 669 2005 quem
699 1920 793 1984 initio
826 1919 948 2004 etipse
972 1920 1005 1983 et
1027 1918 1145 1982 medici

147 2032 403 2095 contemserunt:
436 2052 512 2094 nam
535 2033 694 2116 putarunt
717 2052 783 2096 esse
806 2033 992 2109 tenesmon,
1017 2030 1070 2095 oui
1094 2050 1146 2094 re·

118 2142 251 2207 smedia
288 2143 400 2208 celeria
430 2143 601 2228 faciliaque
630 2144 902 2230 proponebantur.
928 2143 965 2206 in
987 2141 1050 2207 hoc
1071 2163 1144 2206 curn

146 2257 211 2319 tres
246 2275 370 2319 menses
402 2255 471 2321 sine
500 2255 574 2320 ullis
606 2255 787 2334 doloribus,
811 2258 1036 2340 praeterquam
1061 2275 1145 2338 quos

149 2388 187 2431 ex
232 2367 396 2432 curatione
431 2367 594 2451 capiebat,
631 2367 873 2444 consumsisset,
910 2366 1016 2431 subito
1052 2368 1145 2430 tanta

149 2478 197 2542 vis
223 2476 328 2541 morbi
350 2477 387 2542 in
409 2477 510 2541 imum
535 2478 726 2543 intestinum
750 2478 915 2563 prorupit,
939 2482 976 2540 ut
1000 2479 1143 2542 extremo

121 2591 295 2673 atempore
326 2611 384 2673 per
418 2588 544 2653 lumbos
578 2588 704 2654 fistulae
738 2590 826 2674 puris
850 2589 1022 2675 eruperint.
1047 2592 1147 2674 atque

149 2698 211 2764 hoc
234 2700 420 2784 priusquam
444 2701 473 2764 ei
497 2700 667 2779 accideret,
691 2704 862 2786 postquam
881 2701 916 2764 in
936 2699 1001 2764 dies
1020 2700 1146 2765 dolores

152 2831 326 2875 accrescere
361 2812 526 2897 febresque
558 2812 723 2878 accessisse
746 2813 862 2891 sensit,
886 2810 1066 2897 Agrippam
1089 2832 1144 2895 ge·

153 2942 265 2986 nerum
297 2926 337 3001 ad
369 2945 402 2989 se
434 2925 549 2990 arcessi
571 2925 663 2989 iussit
687 2928 719 2989 et
744 2947 816 2989 cum
839 2945 875 2988 eo
899 2922 936 2987 L.
961 2921 1145 2988 Cornelium

124 3032 292 3099 tBalbum
327 3035 521 3123 Sextumque
556 3036 766 3102 Peducaeum.
801 3036 860 3100 hos
891 3038 929 3100 ut
952 3035 1075 3100 venisse
1097 3035 1146 3101 vi·

154 3146 219 3225 dit,
243 3148 279 3212 in
303 3149 446 3214 cubitum
469 3149 600 3214 innixus
624 3147 800 3233 ‘quantam’
824 3146 930 3232 inquit
952 3154 1074 3211 ‘curam
1099 3146 1147 3210 di·

153 3258 384 3345 ligentiamque
412 3261 448 3325 in
474 3261 659 3326 valetudine
681 3281 753 3324 mea
775 3261 896 3323 tuenda
919 3257 982 3335 hoc
1005 3263 1150 3343 tempore

154 3369 373 3451 adhibuerim,
409 3394 481 3437 cum
516 3394 573 3438 vos
607 3375 703 3436 testes
738 3371 893 3449 habeam,
918 3369 999 3435 nihil
1022 3389 1148 3433 necesse

155 3481 204 3545 est
238 3482 383 3566 pluribus
418 3483 522 3550 verbis
554 3504 811 3548 commemorare.
835 3480 952 3566 quibus
976 3479 1149 3566 quoniam,

154 3597 193 3661 ut
214 3616 324 3681 spero,
350 3595 506 3675 satisfeci,
530 3617 582 3660 me
605 3594 688 3659 nihil
710 3593 824 3679 reliqui
846 3593 975 3671 fecisse,
1000 3594 1087 3677 quod
1108 3592 1149 3655 ad
