2460 4026
391 226 465 270 vm.
490 225 730 272 ranasrsuuus.
758 209 854 273 2-4.
1051 208 1092 271 41

104 398 375 483 Munychiamque
397 400 545 465 munivit.
573 399 658 464 hanc
681 400 730 464 bis
753 401 885 485 tyranni
908 416 1125 486 oppugnaret

103 512 181 574 sunt
213 511 335 587 adorti,
368 510 408 574 ab
440 533 539 594 eaque
569 511 707 595 turpiter
738 512 858 596 repulsi
889 513 1036 596 protinus
1061 513 1096 576 in

104 622 216 686 urbem
261 622 356 686 armis
397 623 696 706 impedimentisque
741 623 864 688 amissis
898 623 1096 708 refugerunt.

102 754 177 796 usus
201 735 249 796 est
269 732 489 817 Thrasybulus
509 752 576 795 non
596 733 702 797 minus
721 734 892 818 prudentia
913 756 1008 818 quam
1031 733 1126 798 for-o

103 844 251 907 titudine.
285 866 361 907 nam
386 845 534 908 cedentes
559 829 800 908 violari‘vetuit
823 844 920 929 (cives
944 846 1030 909 enim
1054 845 1098 909 ci·
1202 870 1205 875 ·

102 955 196 1020 vibus
219 976 348 1039 parcere
372 976 506 1038 aequum
530 955 710 1040 censebat),
736 977 839 1039 neque
863 956 1030 1040 quisquam
1051 960 1099 1020 est

46 1126 50 1131 .
103 1067 307 1143 vulneratus,
340 1066 403 1130 nisi
433 1065 488 1150 qui
518 1066 607 1150 prior
637 1067 829 1150 impugnare
859 1066 970 1131 voluit.
995 1068 1098 1132 nemi·

102 1200 176 1242 nem
207 1178 365 1242 iacentem
397 1179 482 1240 veste
514 1176 680 1259 spoliavit,
707 1177 755 1240 nil
779 1177 890 1261 attigit
911 1177 973 1241 nisi
993 1200 1098 1262 arma,

102 1311 238 1374 quorum
270 1289 454 1372 indigebat,
488 1310 631 1372 quaeque
663 1291 703 1352 ad
735 1289 855 1353 victum
883 1289 1097 1372 pertinebant.

101 1402 137 1465 in
168 1400 307 1465 secundo
339 1400 459 1483 proelio
486 1400 599 1463 cecidit
623 1399 758 1478 Critias,
784 1401 848 1464 dux
870 1403 1125 1483 tyrannorum?

103 1534 174 1576 cum
205 1512 333 1596 quidem
368 1514 559 1576 exadversus
586 1511 826 1596 Thrasybulum
848 1512 1021 1576 fortissime
1040 1534 1099 1597 pu·

104 1627 228 1708 gnaret.

148 1733 219 1798 Hoc
238 1734 359 1798 deiecto
379 1733 572 1811 Pausanias,
591 1755 648 1798 rex
669 1733 991 1799 Lacedaemoniorum
1008 1734 1129 1799 venit3

101 1845 219 1910 Atticis
253 1845 380 1908 auxilie.
417 1845 445 1908 is
479 1846 564 1909 inter
598 1845 835 1930 Thrasybulum
872 1849 904 1910 et
939 1867 1009 1923 eoS,
1043 1846 1098 1930 qui
1165 1908 1169 1914 .

102 1958 213 2021 urbem
245 1957 416 2033 tenebant,
448 1956 526 2021 feeit
556 1980 665 2042 pacem
699 1959 749 2022 his
773 1957 1032 2023 condicionibus:
1058 1979 1098 2021 ne

102 2069 157 2153 qui
187 2072 312 2152 praeter
343 2068 479 2152 triginta
509 2072 665 2153 tyrannos
696 2073 728 2133 et
759 2071 885 2146 decem,
911 2069 966 2151 qui
987 2071 1098 2152 postea

100 2179 379 2264 praetoresereati
400 2180 569 2263 superioris
591 2201 678 2244 more
699 2181 896 2245 crudelitatis
915 2187 1007 2247 erant
1029 2181 1095 2258 usi,

101 2290 302 2354 afficerentur
333 2280 427 2354 exilio
459 2312 538 2355 neve
569 2291 653 2355 bona
682 2291 937 2375 publicarentur:
964 2293 1010 2357 rei
1034 2316 1094 2378 pu-

101 2400 202 2464 blicae
233 2403 415 2484 procuratio
445 2401 565 2484 populo
596 2402 789 2466 redderetur.
814 2403 1012 2486 praeclarum
1036 2402 1126 2469 hoca

101 2533 227 2596 quoque
249 2511 458 2597 Thrasybuli,
480 2516 567 2596 quod
587 2513 792 2578 reconciliata
815 2536 909 2598 pace,
931 2537 1004 2579 eum
1024 2515 1096 2599 plu-

102 2623 219 2686 rimum
249 2624 284 2687 in
315 2624 444 2688 civitate
466 2628 592 2708 posset,
618 2624 721 2709 legem
745 2626 837 2703 tulit,
862 2648 903 2690 ne
927 2627 998 2710 quis
1022 2631 1098 2692 aute

102 2738 244 2798 actarum
274 2757 379 2799 rerum
405 2740 605 2801 accusaretur
629 2758 707 2800 neve
731 2736 941 2815 multaretur,
966 2760 1097 2822 eamque

101 2846 150 2910 illi
181 2846 350 2911 oblivionis
383 2848 595 2932 appellarunt.
630 2870 732 2932 neque
765 2870 838 2913 vero
862 2849 946 2913 hanc
970 2851 1125 2913 tantuma

100 2957 264 3022 ferendam
296 2960 436 3036 curavit,
470 2960 523 3023 sed
556 2960 652 3023 etiam
681 2964 717 3023 ut
740 2961 860 3024 valeret
883 2961 996 3024 effecit.
1021 2983 1097 3024 nam

102 3091 173 3133 cum
202 3071 331 3154 quidam
356 3093 394 3135 ex
418 3071 474 3149 iis,
499 3072 554 3155 qui
577 3072 672 3135 simul
696 3094 768 3136 cum
793 3094 829 3136 eo
853 3073 888 3136 in
913 3071 1006 3135 exilio
1030 3070 1098 3134 fue·
1166 3157 1169 3163 Ι

101 3184 192 3263 rant,
227 3182 354 3246 caedem
382 3183 487 3248 facere
519 3204 627 3247 eorum
659 3183 796 3268 uellent,
828 3206 900 3248 cum
925 3183 1040 3266 quibus
1062 3183 1098 3245 in

102 3294 239 3378 gratiam
271 3293 409 3358 reditum
441 3299 511 3358 erat
544 3295 689 3378 publice,
713 3295 879 3379 prohibuit
902 3296 935 3357 et
956 3293 990 3356 id
1013 3294 1098 3378 quod

100 3405 262 3489 pollicitus
286 3407 354 3468 erat
377 3406 547 3489 praestitit.

145 3515 231 3579 Huic
250 3537 309 3599 pro
332 3517 432 3579 tantis
451 3516 572 3580 meritis
594 3516 725 3580 honoris
748 3537 843 3580 causa
862 3537 981 3581 corona
1000 3540 1019 3581 a
1038 3526 1097 3600 po-'
1108 3517 1130 3580 4
1187 3504 1188 3508 ¹

99 3627 185 3710 pulo'
206 3628 281 3690 data
305 3629 368 3704 est,
394 3626 479 3691 facta
503 3628 625 3693 duabus
648 3629 782 3712 virgulis
807 3627 972 3711 oleaginis.
999 3649 1096 3712 quam
