2460 4026
171 219 235 282 108
455 236 524 279 xxi.
550 237 590 279 en
613 236 759 280 uramus.
787 217 818 281 2.
845 217 874 279 3.

164 409 342 485 Pausania,
372 431 442 472 cum
466 410 645 491 spectatum
667 408 760 472 ludos
782 408 862 485 iret,
886 408 976 472 iuxta
997 409 1164 474 theatrum

135 524 289 587 aoccisus
312 525 370 584 est.
390 542 473 583 unus
497 519 665 603 Epirotes,
690 519 849 603 Pyrrhus,
871 520 1018 602 quicum
1039 523 1162 605 populo

162 634 310 698 Romano
339 630 482 696 bellavit.
506 631 534 694 is
558 653 630 695 cum
652 631 759 715 Argos
780 631 934 716 oppidum
959 637 1164 717 oppugnaret

161 746 196 809 in
227 744 468 826 Peloponneso,
493 742 599 826 lapide
630 743 713 807 ictus
744 742 877 806 interiit.
901 765 986 807 unus
1008 743 1088 808 item
1112 744 1162 810 Si·

163 857 271 933 culus,
306 853 481 938 Dionysius
512 854 608 938 prior.
634 876 710 918 nam
734 858 767 919 et
790 855 1004 920 manufortis
1028 859 1062 920 et
1086 855 1165 920 belli

162 967 284 1050 peritus
312 954 375 1029 tuit
398 967 447 1043 et,
472 966 506 1031 id
529 967 615 1049 quod
639 967 674 1030 in
697 968 837 1050 tyranno
862 987 928 1029 non
952 965 1047 1031 facile
1070 989 1161 1051 repe-

164 1078 265 1156 ritur,
294 1078 424 1141 minime
447 1077 654 1163 libidinosus,
680 1100 748 1142 non
772 1078 972 1155 luxuriosus,
995 1098 1063 1141 non
1085 1100 1162 1143 ava·

163 1213 237 1267 rus,
273 1190 393 1254 nullius
418 1192 554 1274 denique
579 1192 625 1255 rei
649 1191 781 1275 cupidus
805 1191 868 1255 nisi
892 1190 1065 1274 singularis
1089 1212 1162 1274 per-

163 1302 314 1386 petuique
337 1302 464 1385 imperii
488 1303 529 1365 ob
554 1325 687 1386 eamque
710 1325 778 1367 rem
802 1302 958 1367 crudelisz
983 1324 1061 1365 nam
1082 1304 1160 1366 dum

161 1414 195 1477 id
231 1413 355 1477 studuit
389 1414 532 1490 munire,
557 1414 676 1479 nullius
700 1415 843 1498 pepercit
865 1415 950 1479 vitae
973 1435 1068 1497 quem
1093 1414 1161 1478 eius

134 1523 383 1587 ainsidiatorem
430 1528 568 1608 putaret.
605 1525 658 1589 hic
693 1547 766 1589 cum
800 1525 920 1590 virtute
954 1525 1161 1608 tyrannidem

163 1634 223 1699 sibi
248 1635 439 1719 peperisset,
465 1657 584 1721 magna
603 1637 737 1700 retinuit
759 1635 932 1701 felicitate:
950 1635 1053 1699 maior
1073 1636 1161 1699 enim

162 1747 256 1811 annis
292 1747 477 1831 sexaginta,
514 1748 649 1812 decessit
683 1749 818 1812 florente
851 1768 963 1832 regno.
994 1768 1101 1830 neque
1124 1742 1165 1811 in'

162 1862 229 1922 tam
266 1860 375 1923 multis
413 1859 507 1922 annis
543 1860 729 1944 cuiusquam
765 1881 804 1924 ex
837 1881 894 1923 sua
928 1858 1028 1942 stirpe
1062 1856 1161 1922 funus

161 1969 259 2045 vidit,
297 1990 369 2032 cum
406 1991 446 2033 ex
480 1970 583 2040 tribus
623 1970 776 2035 uxoribus
812 1971 930 2035 liberos
964 1972 1163 2054 procreasset

161 2079 280 2144 multos
304 2079 461 2164 multique
482 2080 510 2143 ei
535 2081 605 2144 nati
628 2083 735 2144 essent
755 2085 900 2166 nepotes.

142 2192 161 2255 3
208 2191 353 2256 Fuerunt
391 2194 554 2275 praeterea
591 2193 702 2276 magni
737 2214 828 2277 reges
864 2215 903 2257 ex
938 2192 1047 2257 amicis
1081 2193 1160 2257 Ale·

160 2304 275 2366 xandri
311 2303 442 2387 Magni,
477 2304 533 2387 qui
569 2308 643 2387 post
673 2304 796 2368 obitum
821 2305 887 2369 eius
910 2305 1045 2389 imperia
1068 2327 1160 2390 cepe·

163 2418 257 2491 runt,
288 2414 322 2477 in
355 2413 394 2477 iis
416 2414 605 2498 Antigonus
640 2418 673 2491 et
706 2416 802 2479 huius
838 2416 924 2481 filius
959 2415 1162 2500 Demetrius,

135 2525 388 2609 2Lysimaehus,
421 2524 587 2603 Seleucus,
624 2525 835 2591 Ptolemaeus.
873 2548 911 2591 ex
943 2526 993 2591 hie
1017 2525 1159 2612 Antigo-

165 2658 226 2698 nus
260 2636 296 2698 in
327 2635 466 2719 proeli0,
492 2657 564 2699 cum
589 2637 740 2701 adversus
765 2637 932 2702 Seleucum
956 2641 988 2702 et
1011 2637 1159 2721 Lysima-

163 2747 257 2812 chum
294 2746 476 2824 dimicaret,
513 2748 634 2812 occisus
670 2752 728 2813 est.
765 2748 834 2833 pari
865 2750 931 2814 lete
955 2749 1087 2814 affectus
1111 2753 1161 2814 est

162 2857 373 2942 Lysimachus
409 2858 450 2921 ab
485 2858 632 2924 Seleuco:
668 2882 807 2945 namque
830 2861 980 2926 societate
1004 2860 1161 2926 dissoluta

134 2970 282 3034 ebellum
316 2969 400 3034 inter
424 2992 456 3034 se
480 2976 656 3055 gesserunt.
681 2976 715 3037 at
737 2971 937 3055 Demetrius,
962 2993 1034 3035 curn
1058 2972 1160 3037 filiam

163 3105 253 3147 suam
297 3080 425 3146 Seleuco
464 3083 499 3145 in
534 3063 775 3147 matrimonium
811 3083 949 3148 dedisset
983 3105 1087 3168 neque
1122 3106 1159 3149 eo

162 3196 265 3280 magis
312 3196 377 3259 fide
419 3194 505 3258 inter
548 3216 600 3258 eos
644 3194 784 3258 amicitia
820 3215 949 3258 manere
983 3196 1160 3278 potuisset,

163 3311 274 3388 captus
309 3307 392 3370 bello
427 3306 462 3370 in
496 3306 641 3370 custodia
673 3327 761 3370 socer
785 3305 894 3390 generi
917 3305 1013 3389 periit
1035 3307 1159 3371 morbo.

133 3431 265 3499 tneque
298 3418 344 3481 ita
365 3418 467 3481 multo
491 3421 564 3501 post
588 3418 737 3483 Seleucus
761 3442 780 3482 a
804 3419 987 3483 Ptolemaeo
1012 3415 1159 3484 Cerauno

162 3526 236 3591 dolo
272 3527 460 3592 interfectus
496 3531 561 3605 est,
598 3550 692 3612 quem
727 3528 782 3594 ille
813 3552 833 3594 a
873 3533 966 3614 patre
990 3531 1158 3615 expulsum

161 3638 365 3703 Alexandrea
406 3639 581 3704 alienarum
618 3662 715 3725 opum
750 3643 949 3726 indigentem
984 3646 1155 3729 receperat
