2460 4026
418 207 471 250 xx.
496 207 671 251 mnonnon.
698 188 727 251 3.
754 188 785 250 4.
1035 188 1098 252 105

100 384 232 445 tantum
270 380 371 444 otium
407 381 470 444 toti
504 380 628 444 insulae
664 380 862 462 conciliavit,
888 385 924 444 ut
947 381 1001 445 hic
1022 403 1100 446 con-

101 493 188 557 ditor
213 491 340 556 urbium
364 513 490 569 earum,
515 513 582 555 non
605 492 671 577 illi,
699 493 754 577 qui
777 492 872 555 initio
884 492 1099 570 deduxerant,

98 604 273 669 videretur.
316 624 421 666 arcem
457 602 621 686 Syracusis
654 625 750 687 quam
782 603 943 668 munierat
973 603 1125 688 Diony-3

101 716 167 779 sius
202 715 242 778 ad
275 714 386 777 urbem
418 714 647 792 obsidendam,
672 737 691 778 a
713 715 932 780 fundamentis
955 716 1098 794 disiecit,

101 829 207 890 cetera
242 826 424 910 tyrannidis
455 827 697 910 propugnacula
730 826 899 890 demolitus
922 830 971 892 est
993 828 1097 892 dedit·

101 958 164 1021 que
199 958 349 1021 operam,
384 939 422 1000 ut
456 942 552 1020 quam
584 938 715 1003 minime
748 940 851 1003 multa
875 938 1011 1022 vestigia
1034 960 1098 1002 ser-

102 1048 214 1113 vitutis
247 1051 425 1112 manerent.
459 1070 531 1112 cum
557 1050 657 1113 tantis
681 1053 763 1115 esset
787 1051 918 1134 opibus,
942 1053 980 1112 ut
999 1050 1128 1114 etiams

100 1159 212 1225 invitis
234 1160 407 1244 imperare,
431 1161 558 1223 tantum
583 1164 691 1224 autem
716 1182 856 1224 amorem
875 1160 1007 1226 haberet
1029 1182 1098 1224 om-

100 1272 193 1336 nium
217 1270 416 1348 Siculorum,
440 1275 476 1335 ut
499 1271 589 1335 nullo
612 1276 778 1336 recusante
797 1293 933 1357 regnum
955 1273 1097 1337 obtinere

100 1387 225 1467 posset,
261 1363 376 1446 maluit
410 1403 443 1446 se
479 1382 570 1466 diligi
601 1404 697 1466 quam
729 1385 837 1448 metui.
870 1385 996 1467 itaque,
1023 1405 1095 1448 eum

100 1494 240 1578 primum
262 1494 386 1576 potuit,
411 1494 580 1576 imperium
604 1494 751 1578 deposuit
775 1517 812 1559 ac
836 1496 980 1579 privatus
1001 1494 1096 1580 Syra-

101 1604 202 1682 cusis,
226 1607 311 1687 qnod
335 1605 493 1688 reliquum
517 1605 601 1669 vitae
625 1605 704 1684 fuit,
731 1607 821 1671 vixit.
841 1629 945 1691 neque
968 1629 1042 1671 vero
1065 1607 1126 1670 ido

101 1717 249 1801 imperite
260 1716 354 1780 fecit:
368 1738 443 1779 nam
456 1717 542 1800 quod
557 1718 653 1781 ceteri
662 1738 753 1802 reges
762 1718 895 1802 imperio
904 1720 1098 1802 potuerunt,

101 1828 154 1891 hic
189 1827 413 1891 benevolentia
448 1828 563 1892 tenuit.
613 1829 720 1893 nullus
752 1830 855 1895 honos
878 1830 953 1895 huic
977 1830 1096 1909 defuit,

100 1960 204 2023 neque
229 1940 340 2021 postea
364 1961 414 2003 res
437 1941 504 2005 ulla
528 1941 690 2025 Syracusis
716 1945 806 2026 gesta
827 1944 876 2006 est
894 1942 1038 2026 publice,
1061 1943 1100 2006 de

100 2046 164 2140 qua
197 2055 286 2138 prius
317 2054 360 2118 sit
382 2054 543 2117 decretum
567 2075 663 2136 quam
686 2053 896 2118 Timoleontis
920 2057 1002 2118 esset
1025 2076 1098 2117 sen-

101 2167 205 2230 tentia
232 2165 371 2250 cognita.
397 2163 518 2227 nullius
544 2186 693 2248 umquam
718 2165 886 2229 consilium
911 2187 978 2228 non
1002 2164 1126 2228 modo6

101 2278 298 2355 antelatum,
320 2276 374 2340 sed
398 2297 439 2339 16
463 2278 682 2359 comparatum
706 2276 835 2360 quidem
862 2280 918 2340 661.
943 2297 1047 2360 neque
1066 2275 1098 2339 id

101 2390 206 2474 magis
241 2390 308 2455 eius
332 2388 556 2453 benevolentia
579 2387 700 2453 factum
726 2391 774 2453 est
796 2410 893 2473 quam
916 2388 1097 2472 prudentia.

146 2495 210 2560 Hic
245 2519 317 2560 cum
353 2503 456 2563 aetate
490 2499 555 2562 iam
590 2504 758 2583 provectus
795 2503 893 2584 esset,
931 2500 999 2565 sine
1030 2499 1132 2563 111114

100 2607 214 2671 morbo
249 2609 373 2674 lumina
409 2611 576 2675 oculorum
601 2612 716 2678 amisit.
753 2633 850 2696 quam
884 2610 1096 2675 calamitatem

99 2719 148 2782 ita
182 2719 343 2785 moderate
377 2721 472 2799 tulit,
508 2727 545 2787 ut
578 2744 680 2807 neque
703 2746 776 2788 sum
800 2729 985 2808 querentem
1010 2723 1097 2807 quis-

100 2852 198 2914 quam
230 2832 383 2911 audierit,
418 2855 522 2918 neque
550 2857 587 2899 eo
612 2836 717 2899 minus
742 2835 877 2919 privatis
900 2835 1099 2918 publicisque

99 2942 195 3007 rebus
229 2929 421 3009 interfuerit.
454 2946 603 3010 veniebat
626 2950 733 3010 autern
756 2947 791 3009 in
814 2947 995 3023 theatrum,
1021 2961 1124 3010 cuma

99 3053 147 3118 ibi
182 3055 350 3119 concillum
375 3057 487 3141 populi
511 3057 698 3136 haberetur,
723 3062 857 3142 propter
880 3056 1097 3123 valetudinem
1186 3040 1188 3050 ’

100 3169 211 3231 vectus
245 3167 397 3232 iumentis
431 3168 568 3245 iunctis,
595 3171 689 3251 atque
716 3169 762 3231 ita
787 3172 826 3232 de
850 3167 995 3248 vehiculo
1018 3188 1099 3251 quae

100 3278 296 3342 videbantur
331 3277 466 3342 dicebat.
497 3301 601 3363 neque
625 3279 686 3343 hoc
710 3279 760 3343 illi
783 3279 951 3364 quisquam
975 3279 1097 3343 tribuc-

101 3389 160 3452 bat
194 3389 378 3472 superbiae,
404 3389 487 3452 nihil
522 3390 608 3454 enim
639 3412 792 3474 umquam
824 3411 926 3473 neque
956 3390 1097 3455 insolens

102 3520 206 3583 neque
236 3500 410 3584 gloriosum
440 3523 477 3564 ex
503 3523 556 3566 ore
580 3502 646 3565 eius
670 3503 755 3566 exiit.
782 3502 837 3585 qui
860 3501 1005 3585 quidem,
1026 3518 1128 3565 cums
1214 3555 1218 3565 .

103 3632 176 3676 suas
206 3612 316 3677 laudes
348 3612 473 3676 audiret
495 3613 688 3697 praedicari,
707 3635 882 3696 numquam
907 3612 994 3677 aliud
1019 3612 1100 3676 dixit
