2460 4026
395 182 492 226 xxm.
517 181 673 226 numurus.
700 163 730 226 5.
756 165 796 228 6..
1050 166 1094 231 93

99 356 264 442 expedivit
299 357 331 419 et
361 326 402 418 in*
422 354 588 419 castellum
611 354 789 439 Phrygiae,
812 359 899 440 quod
923 357 1012 423 Nora
1036 382 1094 445 ap-

100 468 255 554 pellatur,
292 464 449 550 confugit.
485 467 521 529 in
555 487 619 551 quo
655 489 728 531 curn
764 467 1024 533 cirumsederetur
1061 475 1123 536 ete

101 582 279 657 vereretur,
312 599 352 641 ne
384 599 447 641 uno
471 577 541 641 loco
564 599 698 641 manens
724 599 821 661 equos
844 578 996 643 militares
1021 603 1095 664 per·

102 693 208 768 deret,
245 691 332 773 quod
367 688 507 773 spatium
540 709 607 752 non
643 692 724 753 esset
755 690 917 773 agitandi,
942 691 1095 757 callidum

101 801 165 866 fuit
200 801 267 864 eius
298 800 486 877 inventum,
511 801 780 884 quemadmodum
804 803 894 885 stans
917 803 1095 869 iumentum

103 911 302 977 concalefieri
330 912 531 994 exercerique
556 913 679 996 posset,
703 933 767 995 quo
792 914 825 975 et
846 912 999 978 libentius
1023 915 1095 979 cibo

102 1027 245 1088 uteretur
279 1027 312 1088 et
347 1047 366 1087 a
395 1023 535 1106 corporis
566 1025 656 1086 motu
680 1043 748 1087 non
770 1028 993 1091 removeretur.
1019 1025 1124 1090 sub-5

102 1137 282 1220 stringebat
321 1138 418 1219 caput
462 1135 530 1198 loro
576 1133 688 1213 altius,
733 1155 830 1217 quam
866 1137 904 1199 ut
937 1136 1098 1219 prioribus

103 1247 238 1331 pedibus
273 1246 369 1330 plane
403 1247 522 1309 terram
552 1247 660 1328 posset
682 1245 859 1329 attingere,
885 1246 1000 1310 deinde
1024 1248 1100 1330 post

103 1357 287 1421 verberibus
322 1356 457 1440 cogebat
487 1356 629 1419 exultare
654 1358 686 1420 et
711 1356 811 1420 calces
835 1357 1013 1423 remittere:
1041 1358 1098 1441 qui

104 1472 210 1532 motus
245 1490 313 1532 non
346 1467 452 1531 minus
487 1468 635 1532 sudorem
665 1468 862 1546 excutiebat,
893 1491 990 1552 quam
1013 1469 1039 1533 si
1062 1469 1098 1532 in

103 1581 207 1664 spatio
245 1580 434 1644 decurreret.
471 1599 534 1663 quo
569 1578 690 1643 factum
726 1581 791 1656 est,
827 1581 912 1663 quod
948 1581 1126 1644 omnibusu

104 1690 250 1753 mirabile
292 1693 340 1753 est
382 1691 503 1768 visum,
545 1693 583 1755 ut
606 1711 706 1773 aeque
742 1691 845 1754 nitida
880 1691 1023 1756 iumenta
1057 1714 1096 1757 ex

103 1802 235 1867 castello
255 1801 419 1879 educeret,
441 1823 514 1866 eum
535 1802 711 1885 complures
733 1823 855 1866 menses
875 1802 908 1864 in
930 1801 1096 1866 obsidione

101 1913 232 1991 fuisset,
270 1934 306 1976 ac
341 1913 368 1976 si
390 1913 426 1977 in
450 1913 679 1998 campestribus
703 1936 739 1977 ea
762 1914 840 1978 locis
864 1912 1036 1978 habuisset.
1062 1914 1126 1980 inl

103 2024 164 2089 hac
199 2024 420 2103 conclusione,
456 2025 716 2109 quotiescumque
750 2025 870 2103 voluit,
908 2026 1096 2109 apparatum

103 2138 136 2199 et
166 2136 360 2200 munitiones
389 2135 549 2220 Antigoni
574 2136 650 2199 alias
673 2135 835 2212 incendit,
860 2134 938 2197 alias
961 2134 1094 2198 disiecit.

101 2247 208 2310 tenuit
230 2251 336 2311 autem
360 2268 393 2311 se
416 2269 481 2312 uno
504 2247 594 2329 locu,
618 2245 770 2329 quamdiu
792 2245 894 2309 hiems
916 2245 996 2322 fuit,
1011 2244 1096 2328 quod

69 2430 74 2437 ,
103 2360 208 2423 castra
242 2359 300 2422 sub
333 2359 407 2422 divo
430 2357 547 2421 habere
570 2377 638 2420 non
660 2358 797 2440 poterat.
822 2357 877 2420 ubi
901 2377 955 2419 ver
977 2376 1094 2439 apprc-

102 2470 297 2553 pinquabat,
323 2469 473 2534 simulata
497 2468 675 2552 deditione,
701 2468 778 2531 dum
798 2470 837 2531 de
859 2466 1095 2531 conditionibus

102 2582 238 2658 tractat,
274 2579 444 2664 praefectis
477 2578 637 2664 Antigoni
668 2578 820 2663 imposuit
842 2599 937 2662 seque
960 2599 997 2642 ac
1021 2600 1095 2644 suos

101 2712 212 2755 omnes
237 2691 375 2755 extraxit
397 2691 583 2756 incolumes.
1130 2750 1134 2757 ,
1200 2760 1201 2765 1

147 2801 201 2866 Ad
231 2801 319 2866 hunc
343 2801 517 2886 Olympias,
541 2804 643 2865 mater
667 2822 748 2885 quae
770 2800 875 2866 iuerat
897 2800 1127 2878 Alexandri,b

98 2935 172 2977 cnm
206 2912 330 2977 litteras
365 2916 397 2977 et
432 2912 563 2977 nuntios
599 2913 739 2976 misisset
769 2911 804 2974 in
829 2910 940 2976 Asiam
964 2912 1093 2976 consul-

100 3030 187 3102 tum,
226 3029 335 3088 utrum
370 3044 505 3108 regnum
540 3023 712 3106 repetitum
734 3023 770 3085 in
793 3022 1014 3087 Macedoniarn
1039 3043 1092 3087 ve-

99 3135 186 3199 niret
209 3134 299 3219 (nam
323 3137 391 3199 tum
414 3135 450 3198 in
474 3134 573 3218 Epiro
596 3133 776 3219 habitabat)
802 3136 834 3197 et
858 3155 911 3197 eas
930 3155 979 3197 res
999 3154 1093 3197 occu-

98 3248 208 3330 paret,
243 3245 318 3309 huic
347 3245 402 3309 ille
438 3246 577 3329 primum
615 3245 732 3322 suasit,
766 3265 807 3308 ne
840 3265 873 3308 se
896 3246 1038 3307 moveret
1060 3246 1122 3307 eta

99 3360 315 3441 exspectaret,
339 3357 444 3440 quoad
466 3355 642 3421 Alexandri
664 3355 751 3420 filius
774 3375 911 3439 regnum
938 3354 1093 3439 adipisce-

100 3470 204 3532 retur:
230 3467 280 3532 sin
301 3467 408 3552 aliqua
426 3468 602 3551 eupiditate
621 3469 786 3551 raperetur
804 3466 839 3529 in
851 3463 1092 3544 Macedoniam,

101 3577 339 3644 oblivisceretur
385 3578 529 3644 omnium
572 3577 760 3643 iniuriarum
795 3579 828 3641 et
860 3576 897 3642 in
931 3577 1093 3642 neminem
