2460 4026
394 214 448 257 xv.
473 213 710 258 uraumos’ms.
735 180 768 255 Ι2.
796 195 825 256 3.
1062 195 1102 259 71

1183 290 1193 313 2

67 368 69 373 ,
114 395 149 456 at
182 389 394 476 philosophiae
428 391 654 472 praeceptorem
704 386 819 451 habuit
842 387 949 472 Lysim
981 387 1133 451 Taren-a

113 505 236 579 tinum,
271 501 527 586 Pythagoreum:
561 500 613 564 eui
636 499 763 583 quidem
796 500 840 564 sic
858 490 929 564 ¹fuit
959 501 1101 576 deditus,

111 619 150 680 ut
190 614 372 679 adolescens
406 612 531 675 tristem
566 633 601 674 ae
636 633 779 675 severum
815 633 922 676 senem
955 612 1104 675 omnibus

112 726 287 811 aequalibus
318 724 382 788 suis
416 724 452 787 in
486 721 705 786 familiaritate
740 723 968 806 anteposuerit,
1001 743 1103 805 neque

14 844 17 849 ’
96 840 201 925 μίυε
235 860 307 902 eum
343 858 361 898 a
397 857 429 898 se
464 834 603 911 dimisit,
635 856 731 919 quam
766 835 801 896 in
834 834 987 898 doctrinis
1012 836 1103 896 tanto

112 950 284 1015 antecessit
325 947 575 1030 condiscipulos,
619 946 656 1009 u't
695 945 788 1010 facile
822 946 963 1029 intelligi
997 947 1104 1029 posset

113 1062 184 1146 pari
218 1061 313 1123 modo
348 1061 570 1142 superaturum
606 1078 716 1121 omnes
752 1058 787 1120 in
823 1057 934 1121 ceteris
970 1057 1102 1120 artibus.

111 1178 207 1256 atque
238 1171 305 1235 haec
341 1171 380 1234 ad
404 1173 547 1234 nostram
580 1169 841 1233 consuetudinem
865 1171 942 1232 sunt
963 1168 1044 1232 levia
1068 1172 1130 1238 eta

110 1284 218 1368 potius
253 1281 503 1346 contemnenda:
546 1283 580 1344 at
621 1282 656 1343 in
689 1280 824 1358 Graecia,
860 1281 970 1364 utique
1005 1280 1101 1356 olim,

113 1415 249 1478 magnae
283 1394 372 1457 laudi
392 1397 492 1457 erant.
517 1397 686 1477 postquam
710 1393 850 1477 ephebus
874 1397 922 1456 est
944 1392 1047 1456 factus
1071 1394 1131 1454 ets

110 1506 287 1589 palaestrae
322 1504 397 1568 dare
431 1526 560 1588 operam
595 1505 716 1588 coepit,
752 1519 818 1568 no'n
850 1507 915 1567 tam
939 1503 1102 1586 magnitu-

111 1620 181 1683 dini
215 1619 330 1682 virinm
363 1617 493 1681 servivit
516 1638 611 1700 quam
636 1617 815 1681 velocitati:
840 1617 928 1680 illam
953 1615 1039 1678 enim
1063 1614 1103 1677 ad

112 1731 306 1796 athletarum
341 1751 451 1807 usum,
488 1728 573 1793 hanc
607 1729 670 1819 apd
702 1728 779 1792 belli
803 1728 1007 1792 existimabat
1029 1748 1102 1808 per-

109 1843 222 1907 tinere.
269 1842 377 1923 itaque
422 1840 626 1904 exercebatur
671 1839 845 1924 plurimum
878 1844 1033 1905 currendo
1072 1841 1104 1901 et

109 1954 263 2019 luctando
310 1956 350 2016 ad
395 1950 467 2048 erim
509 1952 624 2031 finem,
669 1953 773 2037 quoad
809 1957 897 2017 stans
933 1957 1100 2041 complect'

108 2070 217 2150 posset
250 2069 345 2149 atque
380 2065 584 2133 contendere.
619 2066 654 2128 in
689 2066 785 2129 armis
820 2088 895 2131 vero
925 2067 1129 2151 plurimume

108 2177 209 2241 studii
230 2177 445 2241 consumebat.
534 2188 538 2198 ’

73 2262 135 2311 ’ὲ
157 2287 208 2352 Ad
242 2288 325 2352 hano
360 2284 500 2372 corporis
535 2287 718 2351 firmitatem
751 2288 843 2370 plura
873 2288 968 2351 etiam
1001 2290 1134 2354 animi3

110 2400 197 2465 bona
218 2403 423 2465 accesserant.
450 2401 519 2463 erat
542 2399 626 2462 enim
647 2399 824 2483 modestus,
846 2403 1003 2484 prudens,
1026 2421 1100 2484 gra-

107 2512 173 2595 vis,
208 2513 406 2596 temporibus
430 2512 590 2595 sapienter
611 2514 721 2589 utens,
747 2511 868 2595 peritus
891 2511 983 2589 belli,
1006 2511 1099 2577 fortis

106 2646 224 2700 manu,
261 2624 369 2688 animo
404 2624 563 2700 maxim0,
596 2625 674 2687 adeo
705 2623 848 2687 veritatis
870 2623 1038 2706 dilligens,
1063 2628 1100 2688 ut

45 2748 49 2753 '
105 2756 148 2799 ne
170 2735 240 2798 ioco
265 2735 394 2818 quidem
419 2735 617 2799 mentiretur.
641 2735 726 2798 idem
751 2720 935 2810 continenS,
957 2735 1124 2803 clemensa

103 2845 294 2929 patiensque
330 2845 551 2910 admirandum
583 2846 618 2909 in
647 2848 797 2923 modum,
821 2868 888 2909 non
913 2845 1016 2929 solum
1041 2870 1098 2930 po-

103 2957 188 3041 puli,
216 2958 270 3021 sed
301 2958 397 3021 ctiam
430 2958 603 3021 amicorum
625 2935 733 3020 ferens
753 2958 904 3034 iniurias,
928 2958 1097 3041 inprimis

105 3068 274 3133 commissa
293 3070 431 3151 celans,
457 3073 542 3152 quod
565 3069 728 3132 interdum
752 3091 817 3132 non
840 3069 945 3132 minus
968 3070 1098 3152 prodest

104 3201 202 3264 quam
227 3170 481 3249 diserte'dicere,
508 3181 667 3244 studiosus
689 3181 856 3244 audiendi:
880 3201 917 3242 ex
937 3179 998 3259 hoc
1011 3181 1096 3243 euim

101 3290 256 3356 facillime
292 3292 371 3355 disci
399 3292 625 3356 arbitrabatur.
659 3293 766 3377 itaque
791 3314 862 3355 cum
885 3292 920 3353 in
943 3291 1124 3356 circuluma

99 3402 259 3480 venisset,
294 3404 329 3467 in
362 3425 424 3487 quo
450 3408 507 3467 aut
531 3404 569 3468 de
592 3426 626 3467 re
649 3404 777 3487 publiea
800 3404 1016 3486 disputaretur
1040 3409 1097 3468 aut

101 3517 143 3577 de
168 3513 370 3597 philosophia
393 3537 495 3579 sermo
520 3517 699 3599 haberetur,
720 3537 895 3598 numquam
915 3515 991 3579 inde
1009 3517 1095 3598 prius

100 3624 267 3704 discessit,
291 3628 387 3710 quam
410 3631 450 3690 ad
472 3627 568 3690 finem
588 3649 690 3690 sermo
711 3631 793 3691 esset
812 3628 992 3711 perductus
1014 3644 1124 3710 pau-4
