2460 4026
432 230 514 272 xxii.
540 230 716 276 1111111616.
744 212 773 275 3.
799 184 841 274 4(
1041 211 1102 275 111

153 404 260 468 Rebus
301 403 352 466 his
394 425 432 466 ex
474 403 632 468 sententia
675 403 812 486 peractis
847 402 962 467 fidenti
998 405 1135 469 anim03

105 520 203 600 atquc
233 513 351 578 infesto
382 515 553 592 Romanis,
579 535 641 598 quo
665 514 790 580 facilius
814 537 941 580 causam
966 516 1106 580 bellandi

103 628 274 712 reperiret,
309 626 429 702 effecit,
462 630 498 689 ut
530 627 704 710 imperator
726 649 800 691 cum
824 629 963 692 exercitu
986 628 1022 692 in
1045 628 1105 692 Hi-

103 739 252 823 spaniam
282 738 479 815 mitteretur,
511 759 611 821 eoque
642 759 747 802 secum
772 738 864 802 duxit
886 741 988 803 filium
1012 738 1104 803 Han·

103 850 244 915 nibalem
288 871 447 913 annorum
490 870 616 912 novem.
661 853 730 913 crat
764 853 926 933 praeterea
961 873 1033 916 cum
1069 865 1135 916 eoa

103 963 287 1027 adolescens
310 961 462 1038 illustris,
485 960 660 1043 formosus,
682 960 884 1039 Hasdrubal,
905 984 999 1046 quem
1020 985 1106 1027 non-

103 1073 187 1138 nulli
217 1074 308 1158 diligi
341 1073 502 1150 tenerius,
534 1094 630 1156 quam
661 1095 720 1156 par
745 1075 832 1150 erat,
858 1074 898 1137 ab
922 1073 1105 1139 Hamilcare

103 1185 335 1270 loquebantur:
372 1206 439 1248 non
475 1185 561 1248 enim
597 1185 744 1249 maledici
783 1187 876 1249 tanto
906 1185 974 1248 viro
998 1187 1104 1248 deesse

103 1298 265 1380 poterant.
309 1317 372 1380 quo
415 1295 537 1360 factum
572 1300 621 1360 661
655 1302 693 1361 111
728 1319 747 1360 6
782 1297 943 1381 praefecto
979 1317 1103 1359 morum

101 1406 288 1471 Hasdrubal
323 1429 396 1471 eum
430 1429 467 1471 eo
502 1411 663 1472 vetaretur
697 1431 773 1473 esse.
809 1408 885 1472 huic
919 1407 974 1471 ille
1004 1407 1104 1470 filiam

103 1541 195 1582 suam
228 1519 265 1581 in
296 1519 535 1583 matrimonium
567 1521 671 1598 dedit,
705 1521 790 1604 quod
822 1519 963 1584 moribus
995 1540 1104 1583 eorum

103 1651 171 1693 non
214 1634 341 1713 poterat
374 1631 523 1695 interdici
557 1654 665 1696 socero
700 1652 828 1716 genero.
865 1632 903 1695 de
938 1631 999 1695 hcc
1033 1631 1132 1694 ideoe

102 1741 301 1805 mentionem
325 1742 474 1820 fecimus,
498 1747 584 1827 quod
606 1743 790 1808 Hamilcare
814 1743 918 1808 occiso
938 1742 992 1806 ille
1012 1764 1103 1806 exer-

101 1852 179 1915 citui
210 1852 350 1935 praefuit
376 1876 488 1938 resque
510 1876 644 1939 magnas
667 1855 766 1939 gessit
797 1858 829 1919 et
866 1855 1015 1939 princeps
1038 1854 1104 1916 lar-

102 1964 226 2048 gitione
262 1966 404 2029 vetustos
439 1966 593 2048 pervertit
627 1986 731 2030 mores
764 1965 1100 2049 Carthaginiensium,

102 2074 305 2159 eiusdemque
335 2079 565 2159 postmortem
588 2075 755 2140 Hannibal
779 2077 819 2140 ab
847 2076 988 2140 exercitu
1014 2096 1102 2138 6666-

102 2186 151 2270 pit
174 2186 354 2268 imperium.
626 2178 628 2182 ⁸

150 2296 196 2361 At
230 2296 415 2381 Hamilcar,
452 2301 659 2383 posteaquam
694 2321 780 2363 mare
811 2287 958 2362 transiit*
975 2298 1010 2362 in
1041 2296 1133 2361 Har

103 2408 312 2493 spaniamque
332 2411 438 2487 veuit,
460 2431 595 2495 magnas
613 2432 663 2474 res
684 2411 821 2475 secunda
843 2411 942 2494 gessit
953 2409 1103 2473 fortuna:

103 2519 259 2584 maximas
301 2521 619 2607 bellicosissimasque
661 2525 774 2607 gentes
809 2522 955 2606 subegit,
994 2521 1103 2605 equis,

102 2631 218 2715 armis,
262 2632 354 2715 viris,
391 2634 527 2717 pecunia
562 2638 665 2699 totam
700 2633 909 2718 locupletavit
944 2631 1099 2698 Africam.

101 2743 155 2806 hic
178 2764 251 2806 cum
274 2744 310 2806 in
333 2745 462 2808 Italiam
486 2746 606 2809 bellum
628 2745 746 2810 inferre
769 2746 993 2822 meditaretur,
1015 2760 1130 2809 1161166

101 2875 189 2918 anno
224 2859 395 2939 postquam
429 2857 464 2920 in
498 2856 688 2940 Hispaniam
723 2861 875 2940 venerat,
911 2857 947 2920 in
979 2857 1100 2939 proelio

100 2987 252 3050 pugnans
283 2968 433 3033 adversus
464 2968 620 3033 Vettones
643 2969 764 3034 occisus
787 2971 846 3036 est.
869 2969 965 3032 huius
989 2983 1131 3052 perpe-3

100 3080 194 3140 tuum
226 3079 334 3143 odium
366 3101 442 3164 erga
465 3079 628 3143 Romanos
653 3081 791 3144 maxime
815 3079 989 3144 concitasse
1012 3078 1101 3142 vide-

100 3192 154 3251 tur
190 3191 364 3254 seeundum
399 3192 519 3256 bellum
550 3175 718 3256 Punicum.
749 3212 888 3275 namque
921 3188 1102 3264 Hannibal,

99 3300 184 3365 filius
210 3301 292 3378 eius,
320 3303 454 3366 assiduis
478 3304 579 3386 patris
603 3302 872 3367 obtestationibus
900 3322 937 3365 eo
962 3302 1010 3363 est
1029 3321 1101 3383 per-

100 3412 232 3490 ductus,
254 3416 291 3476 ut
311 3412 441 3477 interire
460 3436 556 3498 quam
576 3414 739 3479 Romanos
752 3436 819 3478 non
831 3411 967 3495 experiri
980 3412 1099 3503 mallet.

532 3611 729 3620 —-—..
