2460 4026
372 172 375 177 ⁵
406 226 482 271 xxv.
505 225 643 272 amroos.
669 207 698 270 9.
727 205 779 268 10.
1025 206 1087 271 131

102 424 141 467 ex
165 401 242 466 urbe
265 399 500 484 profugientes,
525 401 683 483 quantum
703 400 826 484 potuit,
850 399 949 483 texit,
974 401 1089 485 quibus

100 514 195 577 rebus
228 511 456 596 indiguerunt,
495 510 627 575 adiuvit.
662 510 776 575 Publio
808 532 883 575 vero
915 511 1118 578 Volumnior

99 648 138 689 ea
173 623 304 701 tribuit,
329 626 367 686 ut
388 623 481 707 plura
505 645 525 687 a
548 624 680 706 parente
702 622 860 707 profioisoi
884 646 951 688 non
976 629 1091 710 potue-

100 737 177 801 rint.
213 734 276 820 ipsi
322 736 429 799 autem
464 733 613 812 Fuluiae,
645 755 718 798 oum
748 734 859 799 litibus
885 735 1091 802 distineretur
1214 762 1217 767 ·

100 847 289 931 magnisque
312 845 485 910 terroribus
508 848 693 923 vexaretur,
717 848 810 909 tanta
833 845 1001 930 diligentia
1020 848 1091 911 offl-

101 961 186 1025 oium
214 982 307 1024 suum
335 957 514 1042 praestitit,
533 961 570 1021 ut
589 957 715 1021 nullum
733 958 790 1021 illa
809 958 928 1022 stiterit
947 959 1090 1023 vadimo-
1208 994 1214 1001 ·

100 1073 192 1136 nium
234 1072 302 1135 sine
335 1068 455 1134 Attico.
492 1070 572 1154 quin
608 1069 721 1148 etiam,
757 1092 829 1134 oum
861 1069 918 1134 illa
952 1069 1117 1136 11111115

100 1186 241 1249 secunda
273 1181 403 1246 fortuna
427 1182 554 1247 emisset
575 1183 611 1246 in
635 1183 719 1246 diem
742 1203 845 1267 neque
867 1186 940 1266 post
963 1181 1092 1247 calami-

99 1299 200 1359 tatem
234 1316 396 1360 versuram
431 1292 536 1358 faeere
570 1295 744 1382 potuisset,
766 1293 821 1357 ille
844 1316 876 1358 se
898 1293 1092 1378 interposuit

100 1407 332 1493 pecuniamque
367 1407 436 1470 sine
468 1405 599 1471 foenore
630 1405 761 1490 sineque
791 1406 857 1470 ulla
880 1405 1089 1489 stipulatione

100 1519 250 1594 eredidit,
287 1518 462 1582 maximum
498 1518 683 1582 existimans
706 1521 892 1600 quaestum,
918 1538 1090 1583 memorem

100 1638 291 1716 gratumque
325 1630 493 1714 eognosei,
525 1630 683 1714 simulque
717 1630 860 1714 aperiens
881 1651 913 1693 se
937 1651 1003 1693 non
1026 1629 1093 1693 for·

99 1748 213 1819 tunae,
238 1743 293 1806 sed
315 1741 500 1806 hominibus
526 1742 626 1806 solere
649 1762 716 1805 esse
740 1742 886 1806 amioum.
911 1763 992 1825 quae
1017 1758 1116 1806 eume

99 1853 254 1936 faciebat,
292 1875 385 1917 nemo
420 1876 491 1918 eum
526 1854 678 1938 temporis
714 1875 808 1918 eausa
838 1853 942 1916 faeere
966 1856 1093 1938 poterat

100 1966 300 2029 existimare:
329 1965 451 2029 nemini
474 1966 560 2029 enim
583 1967 619 2028 in
641 1965 827 2050 opinionem
850 1965 999 2029 veniebat
1020 1965 1090 2028 An-

99 2078 225 2143 tonium
261 2099 367 2143 rerum
389 2078 577 2162 potiturum.
603 2078 657 2142 sed
683 2099 793 2141 sensus
816 2079 883 2142 eius
907 2101 925 2141 a
948 2078 1120 2143 nonnul-'l

98 2189 138 2252 tis
168 2188 377 2272 optimatibus
408 2187 715 2271 reprehendebatur,
741 2187 826 2272 qnod
850 2210 963 2272 parum
989 2188 1093 2253 odisse

101 2297 202 2379 malos
236 2298 320 2364 oives
355 2300 525 2364 videretur.
556 2299 611 2363 ille
634 2302 740 2363 autem
763 2299 812 2365 sui
834 2300 959 2377 iudioii,
984 2301 1092 2385 potius
1214 2388 1217 2393 ἡ

101 2409 180 2494 quid
212 2433 245 2474 se
275 2411 378 2478 faeere
402 2435 462 2497 par
485 2414 567 2478 esset
588 2412 792 2491 intuebatur,
816 2433 913 2496 quam
936 2413 1014 2496 quid
1038 2413 1092 2476 alii

102 2521 265 2587 laudaturi
287 2523 403 2589 terent.

148 2631 308 2698 Conversa
343 2637 448 2702 subito
484 2637 615 2702 fortuna
649 2640 706 2702 est.
741 2640 778 2701 ut
813 2635 976 2701 Antonius
999 2637 1156 2722 rediitIOx

101 2745 137 2808 in
171 2744 316 2824 Italiam,
355 2770 448 2813 nemo
477 2771 544 2814 non
575 2770 693 2834 magno
725 2751 761 2814 in
785 2751 925 2833 periculo
947 2746 1094 2814 Atticum
1193 2831 1196 2837 ι

101 2858 239 2942 putabat
273 2864 403 2944 propter
433 2861 582 2926 intimam
604 2860 855 2926 familiaritatem
877 2859 1038 2926 Oieeronis
1065 2863 1097 2925 et

101 2968 207 3034 Bruti.
253 2971 361 3055 itaque
404 2975 445 3036 ad
480 2974 654 3037 adventum
686 2974 914 3057 imperatorum
950 2974 988 3036 de
1022 2971 1123 3036 foroa

101 3081 293 3161 decesserat,
314 3085 444 3149 timens
480 3086 762 3170 proscriptionem,
797 3085 982 3167 latebatque
1005 3085 1091 3166 apud

101 3192 139 3257 P.
163 3192 388 3275 Volumnium,
413 3199 479 3277 eui,
500 3199 538 3263 ut
557 3199 772 3283 ostendimus,
792 3197 887 3282 paulo
909 3200 984 3260 ante
996 3217 1089 3280 opem

101 3306 221 3370 tulerat
254 3307 360 3392 (tanta
391 3310 526 3374 varietas
556 3310 595 3374 iis
619 3309 816 3393 temporibus
840 3308 901 3372 tuit
926 3307 1092 3384 fortunae,

101 3419 140 3481 ut
170 3419 266 3483 modo
289 3420 341 3498 bi,
368 3424 462 3485 modo
483 3421 536 3484 illi·
553 3421 588 3484 in
613 3443 736 3485 summo
760 3423 865 3484 essent
889 3423 944 3483 aut
962 3418 1092 3503 fastigio

102 3531 160 3593 aut
181 3511 354 3615 periculo),
378 3532 581 3617 habebatque
605 3554 710 3597 seeum
735 3531 771 3608 Q.
794 3530 931 3596 Gellium
953 3529 1093 3608 Canum,
1214 3528 1221 3539 '

102 3643 267 3724 aequalem
303 3642 562 3728 simillimumque
599 3644 657 3708 sui.
688 3644 749 3708 hoo
773 3664 898 3728 quoque
922 3644 970 3707 est
992 3639 1123 3710 Atticis
