2460 4026
457 187 489 230 v.
513 186 624 231 omos.
651 167 681 233 1.
706 167 738 231 2.

480 405 524 478 V.
552 403 715 478 CIMON.

99 590 117 654 l
172 588 304 664 Cimon,
346 585 500 650 Miltiadis
542 585 645 664 filius,
683 584 904 665 Atheniensis,
942 588 1021 651 duro
1059 589 1123 653 ad·

127 701 258 765 modum
300 697 394 761 initio
438 720 512 762 usus
554 700 620 763 est'
642 697 883 762 adolescentiae.
927 721 1002 762 narn
1045 721 1120 764 cum

26 846 27 851 ¹
128 815 220 898 pater
251 810 318 874 eius
349 809 439 873 litem
463 810 662 874 aestimatam
685 810 803 894 populo
826 810 947 875 solvere
970 832 1037 875 non
1060 833 1125 896 po·

126 924 242 988 tuisset
263 922 306 986 ob
330 943 462 1006 eamque
485 943 610 986 causam
633 922 668 985 in
692 922 829 987 vinculis
851 922 987 1006 publicis
1011 926 1124 989 deces-

128 1036 237 1111 sisset,
259 1031 374 1100 Cimon
392 1034 502 1098 eadem
521 1033 664 1098 custodia
683 1033 853 1098 tenebatur
872 1055 975 1117 neque
992 1035 1122 1119 legibus

126 1146 373 1212 Atheniensium
394 1145 498 1209 emitti
515 1147 654 1228 poterat,
676 1144 738 1208 nisi
756 1146 940 1229 pecuniam,
953 1149 1126 1231 quapater

100 1260 281 1327 amalraus
312 1260 396 1334 erat,
424 1256 579 1321 solvisset.
604 1256 745 1321 habebat
766 1260 872 1321 autem
895 1258 930 1321 in
953 1257 1123 1321 matrimo-

127 1374 182 1437 nio
217 1391 356 1436 sororem
392 1390 499 1444 suam,
532 1368 664 1432 nomine
695 1367 884 1452 Elpinicen,
917 1390 985 1432 non
1015 1369 1126 1453 magis-

128 1504 236 1548 amore
270 1502 366 1565 quam
401 1501 488 1543 more
524 1479 653 1543 ductus:
691 1502 830 1564 namque
866 1480 1124 1546 Atheniensibus

100 1593 203 1659 slicet
233 1592 343 1656 eodem
371 1594 461 1676 patre
492 1594 585 1655 natas
617 1611 730 1656 uxores
761 1594 882 1656 ducere.
918 1591 1012 1656 huius
1042 1614 1122 1657 con·

30 1684 33 1689 ¹
127 1703 207 1788 iugii
242 1703 375 1786 cupidus
411 1700 528 1768 Callias
562 1702 708 1786 quidam,
744 1724 810 1766 non
846 1706 913 1767 tam
948 1724 1124 1788 generosus

129 1838 226 1900 quam
256 1815 462 1900 pecuniosus,
496 1814 551 1899 qui
578 1834 712 1899 magnas
748 1815 898 1898 pecunias
922 1837 959 1879 ex
982 1815 1126 1880 metallis

93 1991 95 1995 ,
128 1926 264 2010 fecerat,
289 1926 356 2009 egit
380 1947 451 1989 cum
475 1926 604 1989 Cimone
628 1928 666 1990 ut
687 1947 757 1989 eam
780 1926 841 1990 sibi
861 1948 991 1991 uxorem
1011 1929 1120 1991 daret:

128 2037 163 2101 id
192 2036 219 2100 si
249 2036 467 2121 impetrasset,
498 2059 530 2101 se
560 2059 618 2121 pro
649 2037 706 2100 illo
737 2038 906 2122 pecuniam
931 2039 1128 2103 soluturum..

101 2149 157 2213 ais
198 2171 271 2214 cum
312 2150 409 2214 talem
449 2149 665 2214 conditionem
701 2153 938 2233 aspernaretur,
973 2148 1126 2234 Elpinice

129 2262 263 2346 negavit
302 2285 335 2326 se
369 2285 529 2345 passuram
566 2261 722 2326 Miltiadis
756 2262 943 2346 progeniem
977 2263 1013 2326 in
1048 2261 1125 2326 vin-

130 2372 209 2437 culis
240 2373 376 2457 publicis
406 2373 537 2438 interire
567 2396 639 2438 cunr
670 2373 838 2457 prohibere
868 2376 994 2456 posset,
1024 2394 1125 2457 seque·

129 2483 249 2550 Calliae
283 2487 473 2569 nupturam,
510 2485 537 2549 si
572 2507 608 2548 ea
642 2505 723 2567 quae
754 2484 957 2567 polliceretur
986 2485 1125 2569 praesti·

129 2596 229 2660 tisset.

101 2708 121 2772 2
176 2706 247 2770 Tali
279 2708 374 2770 modo
404 2707 548 2772 custodia
578 2707 732 2772 liberatus
764 2704 877 2772 Cimon
908 2705 1051 2770 celeriter
1082 2707 1122 2770 ad

129 2817 351 2904 principatum
379 2819 534 2903 pervenit.
570 2819 709 2883 habebat
744 2818 829 2882 enim
865 2818 942 2882 satis
970 2818 1127 2902 eloquen·
1192 2873 1198 2887 s

131 2935 213 3013 tiae,
233 2954 390 2998 summam
410 2931 655 3009 liberalitatem,
668 2951 819 3015 magnam
831 2930 1036 3014 prudentiam
1049 2951 1120 2993 cum

130 3047 209 3112 iuris
244 3045 344 3112 civilis
379 3049 449 3109 turn
484 3044 530 3107 rei
561 3043 728 3121 militaris,
761 3045 846 3126 quod
878 3063 948 3105 cum
981 3043 1072 3125 patre
1103 3062 1125 3104 a

130 3181 228 3243 puero
260 3159 296 3223 in
326 3155 516 3221 exercitibus
546 3155 653 3218 fuerat
682 3157 835 3219 versatus.
868 3153 977 3236 itaque
1006 3152 1058 3216 hic
1092 3155 1128 3216 et

131 3270 287 3355 populum
320 3269 478 3334 urbanum
507 3267 543 3329 in
574 3289 631 3331 sua
661 3265 767 3330 tenuit
797 3267 957 3349 potestate
983 3269 1016 3328 et
1039 3263 1123 3349 apud

104 3380 305 3446 2exercitum
336 3379 508 3465 plurimum
539 3378 640 3443 valuit
671 3377 869 3442 auctoritate.
899 3377 1039 3461 primum
1062 3375 1128 3438 im-

132 3498 261 3579 perator
284 3494 369 3577 apud
391 3474 510 3555 flumen
534 3489 707 3574 Strymona
729 3509 865 3573 magnas
891 3485 997 3570 copias
1020 3485 1126 3549 Thra·
1197 3482 1200 3488 ’

134 3626 206 3669 cum
236 3603 381 3688 fugavit,
414 3601 567 3687 oppidum
591 3599 813 3685 Amphipolim
836 3597 1004 3663 constituit
1027 3617 1129 3680 eoque
