2460 4026
144 192 186 256 36
414 207 474 252 111.
499 206 698 254 1161111019.
725 188 756 251 8.
777 187 808 250 9.

142 385 180 428 60
211 364 280 426 9161
309 363 480 443 occupatus
510 362 548 423 ut
575 358 693 424 bellum
717 382 813 444 quam
837 360 1014 426 diutissime
1037 365 1158 430 duce-r

142 479 205 552 ret,
229 477 315 559 quod
334 473 411 556 ipsis
430 472 566 555 pecunia
585 495 604 535 6
622 493 697 556 rege
717 471 999 557 suppeditabatur,
1021 478 1137 539 contra

140 584 393 673 Atheniensibus
423 583 584 647 exhaustis
614 586 740 667 praeter
763 606 852 646 arma
875 587 908 647 61
931 606 1028 651 naves
1051 585 1136 650 nihil

114 702 212 764 aeret
245 719 357 781 super,
392 695 574 760 Alcibiades
606 699 649 759 ad
680 696 853 760 exereitum
886 695 1136 763 Atheniensium

135 812 224 876 venit
247 809 355 892 ibique
377 812 543 891 praesente
566 807 665 890 vulgo
689 827 784 890 agere
807 808 928 893 coepit:
950 810 977 873 si
995 809 1135 888 16116111,

142 943 175 986 96
198 922 382 985 coacturum
406 919 605 1003 Lysandrum
629 919 780 983 dimicare
804 923 860 984 aut
878 943 989 1004 paoem
1008 925 1135 1006 petere:

143 1031 409 1096 Lacedaemonios
439 1052 476 1094 60
508 1031 593 1095 nolle
623 1030 721 1094 classe
750 1031 936 1116 confligere,
968 1037 1054 1116 quod
1078 1057 1135 1119 pe-

115 1144 300 1210 adestribus
336 1143 435 1227 copiis
469 1143 541 1227 plus
575 1163 670 1225 quam
706 1125 843 1207 navibus
877 1144 1037 1211 valerent:
1074 1148 1136 1213 sibi

143 1261 251 1322 autern
289 1278 355 1320 6996
389 1255 482 1318 160119
517 1253 684 1331 Seuthem,
720 1275 827 1338 regem
862 1255 1039 1336 Thracum,
1076 1263 1134 1324 ad-

144 1372 256 1433 ducere
288 1371 325 1431 ut
356 1389 428 1431 eum
459 1369 545 1430 terra
576 1365 764 1449 depelleret:
793 1388 856 1450 quo
879 1367 965 1432 facto
988 1391 1134 1435 necessa-

142 1481 190 1544 rio
225 1481 283 1542 aut
317 1478 415 1542 classe
446 1477 669 1542 conflicturum
699 1483 755 1543 aut
786 1480 906 1544 bellum
939 1481 1097 1564 composit
1119 1517 1135 1531 -

115 1608 224 1660 urum.
256 1591 290 1653 id
322 1589 381 1653 etsi
412 1610 485 1652 1616
515 1589 636 1652 dictum
659 1589 818 1655 Philocles
841 1592 1135 1670 animadvertebat,

143 1707 252 1768 tamen
274 1701 437 1786 postulata
458 1700 562 1764 facere
585 1702 707 1779 noluit,
732 1705 819 1785 quod
841 1703 998 1768 sentiebat
1021 1727 1054 1769 96
1073 1705 1135 1769 Al-

145 1814 267 1880 cibiade
297 1815 425 1896 recepto
456 1811 576 1875 nullius
599 1812 754 1876 momenti
777 1813 861 1896 apud
885 1814 1056 1877 exercitum
1082 1814 1135 1878 fu-

145 1930 253 1990 turum
284 1928 333 2000 61,
366 1923 393 1986 91
424 1922 501 2006 quid
532 1923 663 1986 secundi
693 1924 866 2002 evenisset,
895 1924 1017 1989 nullam
1040 1926 1076 1988 in
1100 1948 1137 1990 ea

143 2059 177 2102 16
202 2057 291 2101 suam
315 2039 438 2120 partem
461 2033 547 2111 1016,
572 2038 684 2098 001116
708 2057 763 2113 66,
787 2036 814 2099 91
837 2037 914 2120 quid
937 2038 1061 2101 adversi
1082 2059 1145 2108 ac-‚

118 2150 287 2226 scidisset,
320 2169 352 2212 96
376 2169 477 2211 unum
501 2147 568 2211 eius
591 2146 698 2210 delicti
720 2146 863 2211 futurum
887 2170 985 2213 reum.
1011 2149 1052 2213 ab
1075 2149 1138 2213 hoc

145 2260 309 2325 discedens
339 2241 522 2324 Alcibiades
555 2259 727 2345 ‘quoniam’
759 2260 865 2343 inquit
894 2261 1137 2347 ι11610116606-
1197 2343 1201 2348 ‚

144 2373 225 2437 triae
258 2392 434 2456 repugnas,
470 2370 550 2435 illud
586 2350 719 2450 moneo,
753 2373 844 2436 iuxta
874 2373 1001 2437 hostem
1033 2375 1138 2438 castra

144 2485 260 2549 habeas
291 2483 435 2547 nautica:
471 2483 646 2567 periculum
669 2486 718 2548 est
744 2485 848 2562 enim,
872 2507 913 2549 ne
935 2485 1137 2550 immodestia

143 2594 281 2659 militum
304 2597 483 2659 vestrorum
506 2595 628 2659 occasio
651 2598 744 2660 detur
767 2595 932 2680 Lysandro
956 2597 1054 2662 169111
1077 2621 1136 2684 op-

117 2705 303 2792 eprimendi
334 2705 509 2770 exercitus'.
540 2728 644 2790 neque
667 2729 704 2771 ea
726 2729 776 2771 res
797 2708 888 2772 illurn
910 2707 1036 2774 fefellit.
1059 2733 1136 2774 nam

145 2817 328 2900 Lysander,
358 2839 430 2881 cum
462 2839 518 2901 per
549 2818 762 2902 speculatores
794 2820 997 2903 comperisset
1020 2822 1137 2906 vulgus

145 2929 392 2995 Atheniensium
421 2930 456 2993 in
488 2933 605 2994 terram
636 2933 823 3014 praedatum
853 2931 953 2997 exisse
976 2954 1138 3017 navesque

145 3064 246 3126 paene
275 3041 387 3105 inanes
410 3063 476 3106 esse
498 3041 645 3121 relictas,
669 3047 795 3127 tempus
819 3044 865 3107 161
889 3045 1046 3128 gerendae
1070 3068 1138 3110 non

146 3156 267 3220 dimisit
289 3175 387 3238 eoque
410 3153 532 3236 impetu
558 3153 676 3217 bellum
700 3157 803 3218 totum
827 3155 952 3221 delevit.

114 3267 135 3331 9
188 3265 235 3330 At
264 3265 464 3342 Alcibiades,
487 3265 580 3329 victis
603 3263 853 3332 Atheniensibus
877 3290 944 3333 non
967 3269 1043 3334 satis
1066 3273 1139 3335 tuta

146 3377 255 3440 eadem
287 3376 357 3440 1006
386 3376 447 3442 sibi
475 3376 651 3455 arbitrans,
683 3379 812 3461 penitus
842 3379 877 3442 in
908 3378 1077 3445 Thraciam
1106 3404 1139 3447 96

147 3509 242 3571 supra
284 3486 512 3571 Propontidem
555 3487 695 3566 abdidit,
739 3512 869 3574 sperans
909 3492 955 3555 ibi
987 3491 1139 3559 facillime

133 3613 242 3664 asuam
276 3598 440 3664 fortunam
475 3601 575 3666 occuli
608 3621 709 3686 posse.
744 3601 835 3668 falso.
871 3626 946 3667 nam
980 3602 1137 3691 Thraces,
