2460 4026
152 179 216 242 116
418 194 513 239 mn.
538 190 716 236 naumann.
742 170 773 237 6.
800 170 829 234 7.

149 394 221 436 cum
272 369 383 434 codem
428 366 589 432 conflixit:
638 364 748 448 pulsus
794 360 991 449 (incredibile
1038 355 1142 441 dictu)

147 483 245 547 biduo
288 484 320 545 et
362 478 485 543 duabus
523 476 672 542 noctibus
706 475 940 539 Hadrumetum
975 468 1140 556 pervenit,

148 598 234 679 quod
257 593 347 657 abest
370 591 410 655 ab
434 590 532 654 Zama
551 588 676 652 circiter
695 587 797 650 millia
815 607 966 671 passuum
985 587 1141 649 trecenta.

23 742 26 749 ·
120 707 183 770 ein
213 706 274 769 hac
305 703 383 787 fuga
413 700 589 784 Numidae,
623 700 678 784 qui
709 698 805 763 simul
837 720 911 762 eum
941 717 977 761 co
1009 718 1048 760 ex
1075 696 1141 760 acie

148 817 361 898 excesserant,
393 812 536 877 insidiati
564 814 641 876 sunt
669 812 714 876 si:
739 832 818 896 quos
841 830 910 874 non
933 809 1037 873 solum
1061 807 1140 872 effu-

148 928 213 1012 git,
249 926 302 990 ssd
334 925 430 989 etiam
461 925 547 1008 ipsos
579 923 747 1008 oppressit.
778 921 971 986 Hadrumeti
1001 920 1141 1004 reliquos

147 1061 164 1104 e
193 1038 272 1123 fuga
302 1038 448 1122 collegit:
476 1036 567 1101 novis
590 1035 765 1100 delentibus
788 1034 898 1119 paucis
921 1032 1032 1096 diebus
1056 1031 1139 1095 mul-

145 1154 196 1214 tos
220 1149 389 1214 contraxit.

128 1263 145 1327 7
195 1259 276 1326 Cum
300 1261 334 1324 in
359 1260 543 1345 apparando
567 1259 718 1324 acerrimo
738 1260 820 1323 esset
844 1260 1034 1343 occupem,
1059 1256 1139 1322 Gar-

146 1373 366 1457 thaginienses
389 1372 509 1436 bellum
533 1393 605 1435 oum
628 1372 782 1435 Romanis
805 1372 1063 1454 composuerunt.
1086 1370 1141 1433 illo

148 1482 250 1547 nihilo
271 1484 371 1548 secius
391 1483 543 1548 exercitui
563 1487 675 1568 postea
693 1482 833 1567 praefuit
851 1504 963 1566 resque
982 1481 1018 1545 in
1034 1479 1140 1545 Africa

148 1595 248 1678 gessit
281 1618 380 1680 usque
404 1596 444 1659 ad
466 1595 504 1659 P.
530 1594 707 1680 Sulpicium
731 1593 765 1660 O.
790 1594 960 1658 Aurelium
982 1593 1137 1657 consules.

121 1705 197 1769 anis
222 1707 307 1770 enim
331 1706 571 1792 magistratibus
582 1707 684 1791 legati
703 1704 984 1790 Carthaginienses
1003 1704 1140 1769 Romam

147 1823 319 1904 venerunt,
366 1820 421 1904 qui
463 1819 589 1884 senatui
623 1818 805 1903 populoque
838 1817 984 1882 Romano
1019 1816 1140 1900 gratias

149 1932 299 2011 egerent,
331 1930 417 2013 quod
449 1952 521 1994 eum
552 1931 591 1994 iis
615 1952 725 2015 pacem
749 1929 917 2007 fecissent,
943 1928 984 1992 ob
1008 1949 1141 2011 eamque

148 2059 215 2100 rem
245 2051 362 2103 corona
393 2063 488 2105 aurea
520 2062 573 2105 eos
606 2042 764 2105 donarent
793 2041 950 2126 simulque
976 2041 1139 2123 peterent,

146 2152 183 2212 ut
212 2150 337 2217 obsides
369 2174 478 2218 eorum
508 2152 662 2238 Fregellis
687 2155 792 2217 essent
815 2151 996 2236 captivique
1027 2151 1139 2214 redde-

117 2267 268 2328 arentnr.
299 2264 349 2329 his
381 2287 418 2330 ex
442 2270 571 2331 senatus
595 2266 742 2330 consulto
765 2286 953 2349 responsum
978 2266 1043 2328 est:
1068 2285 1139 2327 mu-

144 2396 206 2438 nus
237 2395 346 2440 eorum
377 2381 506 2461 gratum
538 2380 766 2461 acceptumque
797 2397 881 2453 esse3
910 2374 1050 2453 obsides,
1075 2394 1139 2458 quo

146 2484 216 2549 loco
258 2492 429 2571 rogarent,
471 2487 615 2566 futuros,
655 2488 799 2572 captivos
833 2508 900 2550 non
933 2485 1137 2563 remissurus,

146 2599 232 2678 quod
255 2597 492 2678 Hannibalem,
516 2599 606 2663 cuius
629 2620 725 2683 opera
745 2602 927 2683 susceptum
945 2597 1067 2663 bollum
1087 2598 1137 2664 fo·

144 2708 212 2784 ret,
234 2708 489 2774 inimicissimum
512 2711 638 2775 nomini
656 2710 820 2789 Romanu,
841 2710 937 2774 etiarn
957 2731 1045 2775 nunc
1064 2732 1137 2775 cum

144 2817 277 2902 imperio
317 2823 403 2905 apud
437 2822 610 2888 exereitum
645 2823 802 2888 haberent
836 2823 975 2907 itemque
1005 2822 1138 2888 fratrem

114 2932 210 2998 seius
254 2931 437 3017 Magonem.
480 2933 541 2998 hoc
579 2955 731 3019 responso
767 2932 1048 3018 Carthaginienses
1083 2957 1137 2999 co-

149 3046 242 3131 gnito
264 3045 481 3110 Hannibalem
502 3049 632 3111 domum
655 3049 857 3112 revocarunt.
882 3046 946 3110 hue
969 3049 1005 3111 ut
1024 3046 1137 3125 rediit,

144 3180 199 3222 rex
230 3156 335 3221 factus
367 3159 433 3236 est,
464 3161 637 3242 postquam
667 3160 796 3242 praetor
826 3156 950 3243 fuerat,
978 3180 1065 3223 anno
1088 3182 1137 3225 se-

144 3273 248 3335 cundo
283 3272 316 3334 et
349 3268 515 3335 vicesimo:
553 3272 590 3333 ut
624 3269 710 3334 enim
743 3268 864 3334 Romae
894 3270 1058 3356 consules,
1092 3271 1138 3336 sic

117 3378 342 3465 sGarthagine
376 3381 550 3466 quotannis
584 3381 655 3446 bini
681 3401 772 3466 reges
803 3381 1003 3447 creabantur.
1033 3384 1070 3449 in
1100 3405 1137 3449 eo

144 3490 335 3575 magistratu
365 3492 434 3577 pari
466 3491 634 3578 diligentia
664 3514 697 3556 se
723 3490 889 3556 Hannibal
908 3494 1072 3583 praebuit,
1101 3518 1137 3562 aa

144 3602 250 3669 fuerat
279 3603 314 3667 in
343 3603 439 3669 bello.
472 3626 611 3689 namque
643 3604 762 3682 effecit,
793 3626 832 3668 ex
853 3607 945 3672 novis
968 3608 1135 3693 vectigali-
