2460 4026
396 227 492 270 xxm.
517 225 690 272 naumain.
718 207 771 271 12.
798 209 850 271 13.
1036 208 1099 272 121
1154 246 1156 251 .

101 398 227 463 aooidil.
249 399 312 462 huo
333 419 406 461 oum
426 398 526 482 legali
546 398 765 463 Romanorum
784 401 948 464 venissenlz
966 423 1003 465 ao
1016 401 1129 466 mul-4

101 510 242 574 titudine
265 510 395 574 domum
420 510 486 574 eins
510 510 811 589 circumdedissenl‚
834 506 913 597 puer
937 511 977 576 ab
1002 512 1100 576 ianua

100 621 298 707 prospiciens
318 620 497 686 Hannibali
518 621 601 684 dixil
622 621 730 705 plures
749 626 875 706 praeiet
895 623 1100 688 consuetudi·
1177 636 1179 641 '

101 755 176 797 nem
196 737 335 797 armalos
354 754 515 816 apparere.
537 733 592 816 qui
610 732 781 816 imperavii
800 734 846 811 ei,
868 737 905 799 ul
924 756 1034 799 omnes
1052 734 1102 798 fo-

101 866 152 908 res
171 844 308 909 aedificii
328 844 508 908 oiroumirel
528 867 565 910 ao
585 866 719 930 propere
739 845 800 909 sibi
820 823 1002 923 nuntiaret,
1026 867 1103 909 num

101 959 214 1020 eodem
237 959 332 1021 modo
355 955 497 1040 undique
519 956 726 1020 obsideretur.
747 979 826 1040 puer
848 978 920 1021 oum
940 957 1131 1033 celeriler‚5
1210 967 1213 972 '

102 1066 179 1150 quid
212 1070 312 1146 esset,
346 1066 563 1130 renuntiassol
593 1088 766 1150 omnesque
795 1069 899 1133 exitus
931 1069 1102 1153 oeoupalos
1219 1088 1222 1095 ·

102 1177 310 1255 ostendisses,
336 1177 437 1242 sensit
457 1177 491 1240 id
511 1199 577 1242 uon
596 1177 731 1242 fortuito
750 1177 888 1257 faulum,
910 1179 964 1243 sed
985 1177 1105 1261 sepeli

101 1310 206 1373 noque
236 1290 297 1354 sibi
328 1289 447 1354 diutius
478 1290 578 1353 vibam
607 1312 674 1354 esse
704 1291 913 1355 retinendam.
939 1312 1036 1375 quam
1060 1310 1101 1352 ne

101 1399 207 1465 alieno
219 1400 351 1465 arbitrio
363 1401 555 1478 dimitterel,
571 1423 692 1465 memor
703 1392 912 1486 pristinarum
924 1402 1081 1467 virlutum
1093 1446 1101 1476 ‚

101 1533 278 1589 venenum,
292 1515 379 1596 quod
391 1534 515 1597 semper
527 1534 633 1577 senum
646 1512 763 1578 habere
775 1516 960 1591 consuerat,
974 1510 1099 1578 sumsit.

149 1622 201 1688 Sio
219 1624 267 1688 vir
286 1623 496 1701 fortissimus,
512 1624 622 1689 mullis
635 1625 794 1708 variisque
804 1624 989 1709 perfunctus
1001 1624 1093 1689 labo·
1108 1627 1148 1691 13

66 1710 77 1727 ²
102 1735 210 1813 ribus,
232 1757 318 1800 anno
338 1736 497 1820 aoquievib
517 1737 761 1820 septuagesimo.
783 1736 899 1820 quibus
919 1737 1102 1802 oonsulibus

100 1845 277 1928 interierib‚
308 1868 375 1910 non
399 1847 559 1911 convenil.
584 1869 721 1930 namque
744 1847 873 1912 Albinus
897 1846 941 1911 M.
967 1845 1101 1912 Claudio

101 1957 255 2034 Marcello
274 1956 311 2033 Q.
332 1956 431 2023 Fabio
452 1958 601 2023 Labeone
622 1959 806 2024 oonsulibus
819 1963 982 2024 mortuum
995 1959 1029 2023 in
1042 1957 1114 2023 an?

101 2069 170 2133 nali
188 2091 245 2135 sno
263 2069 418 2153 scriplum
431 2071 576 2153 reliquit,
591 2075 625 2135 ab
636 2070 788 2154 Polybius
799 2070 835 2134 L.
848 2070 985 2134 Aemilio
997 2071 1098 2135 Paulo

102 2179 303 2248 OnBaebio
325 2179 513 2265 Tamphilo,
533 2179 690 2264 Sulpicius
711 2184 817 2244 aulem
836 2180 945 2244 Bliiho
964 2180 1001 2244 P.
1023 2178 1102 2244 (lor-

100 2290 188 2356 nelio
212 2289 354 2377 Celhego
378 2291 423 2356 M.
448 2291 568 2356 Baebio
591 2291 772 2376 Tamphilo.
798 2295 894 2375 abque
916 2291 969 2355 hio
987 2294 1129 2355 tanhusa

101 2403 152 2468 vir
171 2404 333 2487 tantisque
353 2403 445 2468 bellis
464 2403 628 2483 dislriotns
648 2403 796 2467 nonnihil
814 2403 969 2488 temporis
987 2403 1105 2467 tribuil

101 2514 228 2580 litteris.
248 2537 388 2599 namque
406 2515 530 2598 aliquol
548 2514 614 2579 eius
631 2515 707 2579 libri
718 2519 811 2592 sunl,
825 2514 945 2580 Graeco
957 2535 1104 2578 sermone
1130 2594 1135 2601 .

102 2623 258 2703 consocii,
272 2626 306 2689 in
330 2626 369 2690 iis
394 2627 435 2690 ad
458 2626 601 2690 Rhodios
619 2626 658 2689 de
679 2624 737 2692 On.
759 2625 874 2690 Manlii
896 2625 1048 2691 Vulsonis
1069 2626 1103 2689 in

101 2733 182 2800 Asia
212 2737 307 2800 rebus
339 2737 447 2822 gestis.
478 2737 574 2801 huius
601 2737 678 2816 belli
700 2739 791 2820 gesta
814 2737 908 2800 mulli
932 2736 1131 2803 memoriaea

102 2848 329 2933 prodiderunt,
353 2849 407 2912 sed
427 2870 465 2912 ex
485 2849 536 2913 his
558 2852 639 2926 du0,
661 2850 716 2933 qui
729 2871 800 2912 oum
814 2849 898 2913 eoin
911 2849 1022 2913 oaslris
1035 2847 1104 2913 fue·
1220 2894 1222 2900 .

102 2962 181 3024 runt
212 2959 369 3043 simulque
398 2960 563 3037 rixarum,
587 2960 740 3044 quamdiu
763 2958 894 3025 fortuna
919 2983 1013 3045 passa
1037 2962 1103 3038 esi,

103 3069 231 3135 Silenus
262 3072 295 3134 ab
324 3069 444 3136 Sosilus
475 3070 755 3136 Lacedaemonius.
779 3072 876 3154 alque
908 3069 969 3132 hoo
1001 3067 1103 3133 Sosilo

102 3180 271 3246 Hannibal
295 3181 473 3245 lillerarum
499 3181 689 3246 Graeoarum
715 3204 790 3246 usus
814 3183 862 3246 est
885 3182 1024 3243 doeiore.

151 3292 213 3357 Sed
232 3313 291 3356 nos
310 3297 436 3377 tempus
456 3298 503 3357 est
521 3293 616 3357 huius
627 3292 702 3356 libri
714 3292 818 3357 lacere
833 3292 928 3355 finem
941 3293 974 3355 ei
985 3290 1133 3355 Roma-4

104 3425 220 3468 norum
242 3405 399 3489 explicare
419 3405 641 3490 imperatores,
663 3426 726 3488 quo
738 3403 864 3468 faoilius
876 3402 1000 3467 collatis
1013 3406 1102 3468 utro-

104 3535 240 3600 rumque
259 3515 352 3580 iaotis
365 3563 372 3594 ,
391 3516 447 3601 qui
464 3517 525 3581 viri
536 3514 736 3599 praeferendi
748 3516 832 3592 sini,
845 3513 949 3598 possil
961 3514 1103 3579 iudicari.
