2430 4020
377 214 606 259 numeneus.
634 195 663 258 1.
690 194 721 256 2.
1035 196 1055 259 3

64 409 203 473 magnus
237 408 387 451 numerus
419 389 500 451 esset
531 388 564 450 et
595 385 689 450 multi
718 385 784 451 eius
816 387 1056 472 demigrationis

63 503 211 586 peterent
244 490 444 576 societatem,
477 520 516 563 ex
547 498 586 562 iis
618 497 732 562 delecti
762 497 905 583 Delphos
937 500 1060 564 deliba-1

64 615 171 678 ratum
201 610 289 674 missi
319 611 412 686 sunt,
445 631 507 694 quo
538 609 740 693 potissimum
773 610 851 675 duce
877 613 1052 677 uterentur.

65 745 204 808 namque
238 727 309 787 tum
342 721 481 786 Threces
514 742 567 785 ees
601 721 747 805 regiones
777 722 948 807 tenebant,
982 747 1054 789 cum

64 837 181 922 quibus
223 835 319 899 'ermis
361 835 430 898 erat
468 834 694 898 dimicandum.
729 834 780 898 his
814 835 1054 900 consulentibus

64 947 257 1012 nominatim
296 943 414 1030 Pythia
453 945 631 1029 praecepit,
669 949 706 1009 ut
740 945 918 1010 Miltiadem
951 947 1082 1032 impe-3

64 1063 203 1124 retorem
252 1057 313 1122 sibi
355 1059 534 1141 sumerent3
576 1057 610 1121 id
654 1057 680 1121 si
722 1056 889 1142 fecissent,
925 1058 1055 1143 incepta

65 1192 218 1255 prospera
247 1169 366 1234 futura.
398 1168 459 1233 hoc
479 1167 600 1232 oraculi
623 1189 775 1253 responso
798 1168 958 1234 Miltiades
982 1188 1082 1235 eume

66 1283 189 1347 delecte
231 1304 331 1346 manu
374 1281 472 1345 classe
516 1280 747 1345 Chersonesum
787 1282 947 1366 profectus
982 1304 1053 1347 cum

66 1393 249 1458 accessisset
278 1392 434 1456 Lemnum
465 1400 498 1456 et
528 1392 650 1458 incolas
673 1394 740 1457 eius
764 1394 885 1459 insulae
909 1394 969 1459 sub
994 1417 1053 1479 po-

64 1507 214 1570 testatem
258 1502 402 1588 redigere
444 1503 539 1568 vellet
581 1504 845 1589 Atheniensium,
886 1507 983 1591 idque
1018 1510 1056 1571 ut

63 1615 189 1680 Lemnii
231 1637 287 1679 sua
328 1618 443 1699 sponte
477 1614 619 1679 fecerent
652 1615 860 1699 postulasset,
896 1618 945 1681 illi
980 1617 1081 1682 imi-5

65 1729 176 1792 dentes
207 1727 443 1811 responderunt
479 1729 548 1789 tum
582 1726 616 1791 id
651 1749 683 1791 se
714 1727 873 1806 facturos,
905 1750 976 1792 cum
1000 1729 1054 1792 ille

64 1841 160 1904 domo
197 1839 332 1903 navibus
368 1838 571 1922 proficiscens
606 1843 703 1904 vento
738 1839 886 1924 aquilone
916 1842 1055 1905 venisset

63 1949 234 2015 Lemnum.
259 1949 312 2013 hic
336 1950 422 2014 enim
444 1954 559 2014 ventus
583 1950 623 2014 ab
647 1951 927 2035 septemtrionibus
950 1954 1054 2018 oriens

65 2065 232 2127 adversum
274 2064 365 2125 tenet
401 2060 538 2126 Athenis
571 2062 856 2146 proficiscentibus.
893 2064 1082 2130 Miltiadeso

64 2173 213 2238 morandi
236 2176 363 2256 tempus
385 2195 452 2237 non
476 2173 597 2237 habens
617 2195 742 2238 cursum
764 2174 961 2259 direxitque
981 2180 1053 2240 ten·

61 2284 162 2349 debat
184 2283 391 2368 pervenitque
414 2282 656 2348 Chersonesum.

111 2395 162 2459 Ibi
185 2395 274 2459 brevi
296 2398 438 2478 tempore
461 2378 670 2459 barbarorum
693 2396 792 2479 copiis
817 2395 971 2475 disiectis,
984 2398 1083 2461 tota2

64 2507 212 2592 regione,
237 2529 333 2591 quam
357 2506 508 2590 petierat,
531 2508 673 2592 potitus,
693 2508 763 2573 loca
782 2509 899 2574 idonea
918 2511 1054 2575 castellis

64 2618 271 2697 communiit,
305 2618 561 2697 multitudinem,
592 2642 689 2704 quam
713 2642 819 2685 secum
843 2623 995 2700 duxerat,
1019 2622 1054 2686 in

64 2730 152 2814 agris
176 2730 345 2795 collocavit
369 2730 549 2814 crebrisque
572 2731 809 2796 excursionibus
834 2732 1053 2816 locupletavit.

64 2864 168 2927 neque
213 2843 320 2906 minus
354 2842 390 2905 in
425 2863 462 2906 ee
496 2863 531 2906 rc
565 2843 735 2926 prudentie
769 2865 865 2927 quem
902 2841 1081 2908 felicitates

65 2952 193 3017 adiutus
236 2960 294 3017 est.
337 2975 413 3016 nam
452 2974 525 3018 cum
560 2953 678 3018 virtute
713 2954 851 3018 militum
888 2954 1054 3019 devicisset

63 3062 207 3128 hostium
242 3064 415 3142 exercitus,
450 3086 573 3128 summa
607 3065 766 3148 aequitate
800 3088 849 3130 res
888 3066 1055 3130 constituit

64 3176 163 3258 atque
192 3174 259 3258 ipse
288 3175 407 3239 ibidem
438 3197 568 3240 manere
598 3176 743 3241 decrevit.
770 3181 838 3241 erat
860 3179 946 3241 enim
968 3177 1082 3241 intere

63 3306 119 3351 ecs
142 3286 299 3370 dignitate
318 3287 423 3371 regie,
445 3309 638 3371 quamquam
659 3288 786 3352 carebat
798 3288 938 3366 nomine,
952 3311 1054 3373 neque

62 3397 99 3461 id
133 3397 236 3479 magis
270 3397 402 3480 imperio
437 3419 532 3482 quem
567 3398 690 3463 iustitia
721 3401 918 3464 consecutus.
951 3422 1053 3484 neque

64 3527 103 3573 eo
139 3508 240 3573 secius
263 3506 530 3587 Atheniensibus,
566 3531 585 3572 a
620 3510 736 3593 quibus
771 3513 840 3574 erat
872 3511 1051 3595 profectus,

64 3619 170 3686 officia
201 3621 395 3706 praestabat.
420 3621 535 3706 quibus
557 3621 652 3686 rebus
674 3621 772 3686 fiebat
794 3627 832 3686 ut
855 3644 922 3688 non
945 3624 1051 3687 minus
