2460 4026
184 180 225 243 20
416 193 419 198 ·
472 193 517 237 Ν.
543 193 728 239 naussums.
757 175 786 238 1.
812 179 843 239 2.

181 369 310 453 donius,
337 369 479 451 satrapes
502 368 627 451 regius,
648 368 780 432 natione
799 368 930 452 Medus,
950 371 1035 456 regis
1055 392 1174 455 gener,

160 483 215 572 ,in
245 479 357 566 primis
387 479 531 543 omnium
554 479 721 544 Persarum
744 483 778 544 et
801 502 899 544 manu
922 481 1014 546 fortis
1039 487 1072 547 et
1096 505 1173 549 con-

107 570 108 573 *
181 594 244 660 silii
255 594 384 678 plenus,
398 613 470 656 cum
483 573 629 655 ducentis
641 591 782 657 millibus
793 593 948 677 peditum,
961 615 1041 679 quos
1053 596 1174 661 viritim

179 708 315 792 legerat,
337 707 370 768 et
388 703 506 787 viginti
525 703 667 787 equitum
678 703 764 767 haud
776 704 822 768 ita
833 725 952 789 magna
963 729 1061 771 manu
1074 706 1173 773 Grae·

152 820 247 884 aciae
269 817 400 901 fugatus
424 819 489 892 est,
516 836 615 899 eoque
638 815 706 900 ipse
730 816 794 879 dux
817 816 931 881 cecidit
953 818 1085 901 proelio.
1111 841 1174 904 qua

178 929 311 996 victoria
352 928 453 993 elatus
493 928 632 1011 plurima?
675 928 805 992 miscere
846 920 952 1012 coepit
986 933 1018 994 et
1052 932 1174 996 maiora

177 1041 409 1126 concupiscere.
453 1042 508 1104 sed
545 1039 684 1124 primum
720 1039 755 1103 in
790 1061 828 1104 eo
863 1044 911 1105 est
945 1040 1171 1125 reprehensus,

178 1154 263 1238 quod
295 1174 367 1218 cum
399 1174 438 1216 ex
467 1155 586 1235 praeda
618 1151 776 1236 tripodem
799 1173 929 1216 aureum
952 1151 1088 1236 Delphis
1112 1174 1171 1238 po-

178 1264 293 1328 suisset
323 1263 519 1347 epigramma
549 1262 731 1347 inscripsit,
756 1262 791 1326 in
815 1284 878 1347 quo
901 1263 980 1327 haec
1004 1267 1074 1327 erat
1097 1286 1170 1329 sen·

177 1375 296 1441 tentia:
321 1395 378 1438 suo
403 1375 500 1438 ductu
519 1372 673 1438 barbaros
696 1375 781 1457 apud
799 1374 945 1439 Plataeas
964 1397 1030 1439 esse
1051 1376 1171 1441 deletos

148 1488 305 1570 seiusque
339 1485 491 1550 victoriae
526 1504 601 1568 ergo
638 1483 783 1569 Apollini
819 1486 851 1549 id
886 1485 1006 1550 donum
1038 1487 1169 1552 dedisse.

176 1600 234 1663 hos
266 1619 374 1662 versus
405 1595 648 1661 Lacedaemonii
678 1597 921 1681 exsculpserunt
951 1620 1055 1682 neque
1082 1599 1170 1662 aliud

176 1710 372 1794 scripserunt
401 1732 498 1795 quam
529 1709 662 1773 nomina
693 1731 800 1773 earum
824 1709 1009 1794 civitatum,
1033 1732 1169 1795 quarum

177 1822 293 1886 auxilio
316 1822 431 1887 Persae
455 1823 545 1884 crant
568 1820 655 1884 vieti.

149 1935 168 1996 2
221 1932 300 1996 Post
329 1933 363 1996 id
394 1930 550 2016 proelium
582 1931 718 1996 eundem
749 1931 942 1997 Pausaniam
973 1934 1169 2000 cumulasse

176 2044 339 2108 communi
369 2041 509 2128 Cyprum
538 2046 634 2128 atque
661 2043 909 2128 Hellespontum
933 2045 1106 2126 miserunt,
1132 2051 1170 2112 ut

176 2176 214 2217 ex
247 2153 298 2218 his
332 2154 518 2239 regionibus
552 2154 759 2220 barbarorum
795 2157 952 2240 praesidia
984 2159 1165 2242 depelleret.

147 2266 245 2349 aperi
271 2262 424 2332 felicitate
455 2267 491 2330 in
522 2289 559 2332 ea
580 2289 616 2332 re
639 2290 713 2332 usus
736 2268 851 2333 elatius
875 2290 908 2333 se
931 2290 1040 2355 gerere
1063 2271 1168 2355 coepit

173 2377 371 2461 maioresque
411 2380 559 2462 appetere
602 2401 661 2443 res.
702 2402 778 2471 nam
813 2401 884 2445 cum
917 2381 1075 2465 Byzantio
1110 2404 1192 2458 exr

174 2493 319 2573 pugnato
351 2489 486 2574 cepisset
515 2490 693 2575 complures
724 2492 891 2557 Persarum
922 2494 1046 2558 nobiles
1069 2498 1166 2580 atque

173 2601 208 2664 in
238 2601 277 2665 iis
305 2601 478 2666 nonnullos
507 2602 592 2686 regis
622 2603 838 2687 propinquos,
869 2603 928 2668 hos
959 2605 1039 2669 clam
1064 2605 1166 2672 Xerxi

119 2753 123 2760 -
172 2712 311 2790 remisit,
334 2713 488 2778 simulans
507 2735 546 2778 ex
565 2714 702 2780 vinculis
722 2716 858 2800 publicis
870 2717 1034 2801 effugisse,
1047 2722 1080 2782 et
1092 2740 1164 2783 cum
1221 2800 1222 2807 ἵ

173 2824 212 2887 iis
232 2823 416 2908 Gongylum
440 2823 673 2904 Eretriensem,
694 2827 750 2912 qui
768 2827 892 2891 litteras
911 2830 980 2914 regi
999 2831 1163 2909 redderet,

171 2936 207 2999 in
236 2935 351 3019 quibus
382 2935 462 3000 haec
491 2936 588 3001 fuisse
618 2939 737 3023 scripta
768 2938 969 3023 Thucydides
993 2943 1163 3008 memoriae

144 3064 158 3109 3
171 3046 328 3131 prodidit:
343 3048 538 3127 ‘Pausanias
551 3049 614 3113 dux
623 3049 764 3135 Spartae,
779 3072 858 3134 quos
867 3051 1016 3136 Byzantii
1024 3057 1162 3138 ceperat,

170 3162 339 3242 postquam
362 3160 561 3245 propinquos
585 3165 658 3226 tuos
682 3185 748 3228 esse
768 3165 937 3248 cognovit,
957 3164 1017 3228 tibi
1036 3166 1163 3230 muneri

169 3271 257 3340 misit
286 3293 382 3355 seque
412 3275 519 3336 tecum
547 3273 703 3339 affinitate
729 3276 888 3360 coniungi
916 3277 1020 3361 cupit:
1046 3298 1160 3361 quare,

141 3384 195 3446 osi
230 3382 290 3446 tibi
319 3385 462 3467 ridetur,
495 3385 549 3449 des
579 3385 609 3450 ei
639 3386 739 3450 filiam
770 3390 859 3451 tuam
890 3392 1038 3473 nuptum.
1070 3390 1104 3454 id
1135 3391 1162 3456 si

169 3495 298 3580 feceris,
330 3500 362 3560 et
393 3494 541 3582 Spartam
572 3500 605 3560 et
633 3501 771 3562 ceteram
800 3499 964 3564 Graeciam
988 3500 1047 3565 sub
1070 3505 1161 3566 tuam

168 3609 359 3690 potestatem
401 3630 433 3672 se
468 3609 641 3674 adiuvante
675 3613 707 3674 te
741 3611 944 3678 redacturum
978 3613 1159 3698 pollicetur.
