2430 4020
171 200 191 262 2
524 218 548 264 1.
574 200 753 263 nmmum.
792 201 820 264 1.

142 393 275 456 educta.
334 389 461 474 magnis
491 390 527 454 in
558 391 706 456 laudibus
737 393 807 456 tota
836 390 902 456 fere
930 390 994 455 fuit
1026 391 1169 458 Graecia,

169 505 321 569 meterem
357 501 524 586 Olympiae
559 503 668 584 citari,
699 504 734 568 in
766 524 893 571 scenam
924 526 998 570 vero
1031 493 1164 589 prodire

133 690 137 700 Ι
170 637 206 679 ac
229 613 348 699 populo
373 635 439 678 esse
463 594 643 698 spectaculo
667 615 790 680 nemini
813 615 849 679 in
871 615 982 680 iisdem
1006 617 1168 701 gentibus-

166 726 230 790 fuit
259 725 463 809 turpitudini.
495 747 577 810 quae
607 727 716 791 omnia
747 728 833 812 apud
863 748 923 791 nos
954 728 1071 812 partim
1105 728 1168 792 in---

168 837 284 914 famia,
319 837 438 921 partim
469 837 603 902 humilia
637 840 733 924 atque
766 838 806 903 ab
837 838 1004 904 honestate
1035 842 1166 904 remota

140 951 344 1033 sponuntur.
391 951 504 1013 contra
534 971 571 1013 ea
601 949 752 1034 pleraque
775 949 894 1014 nostris
917 951 1058 1015 molibus
1082 954 1162 1015 sunt

168 1063 298 1138 deeora,
329 1081 410 1144 quae
433 1060 517 1145 apud
539 1061 612 1125 illos
636 1061 743 1146 turpia
764 1063 929 1145 putantur.
954 1084 1049 1147 quem
1073 1062 1161 1126 enim

168 1171 386 1236 Romanorum
428 1175 529 1256 pudet
568 1193 699 1237 uxorem
734 1175 847 1238 ducere
880 1173 916 1236 in
951 1173 1163 1238 convivium?

168 1287 224 1348 aut
253 1283 342 1348 cuins
374 1305 440 1347 non
473 1287 575 1348 mater
605 1283 743 1348 familias
772 1285 911 1370 primum
939 1285 1046 1349 locum
1068 1287 1172 1349 tenet

139 1396 292 1461 ‘laedium
326 1398 422 1479 atque
452 1396 487 1459 in
517 1396 701 1461 celebritate
732 1400 899 1486 uersatur?
946 1400 1032 1482 quod
1056 1377 1162 1461 multo

42 1562 45 1568 .
169 1508 207 1573 fit
237 1507 330 1571 aliter
362 1507 396 1571 in
424 1505 566 1572 Graecia.
613 1530 688 1573 nam
712 1531 816 1594 neque
838 1510 873 1575 in
897 1509 1077 1575 convivium
1101 1510 1170 1574 ad·-

169 1619 297 1684 hibetnr
327 1619 390 1683 nisi
420 1619 692 1704 propinquorum,
725 1643 828 1706 neque
852 1622 939 1686 sedet
961 1621 1025 1685 nisi
1047 1621 1084 1684 i'n
1107 1621 1161 1684 in·

167 1732 282 1797 teriore
311 1733 403 1815 parte
433 1731 575 1809 aedium,
606 1754 688 1817 quae
712 1733 933 1818 gynaeconitis
957 1731 1165 1818 appellatur,

169 1864 232 1927 quo
272 1863 364 1906 nemo
396 1842 519 1906 accedit
548 1844 611 1907 nisi
641 1845 822 1930 propinqua
852 1843 1045 1929 cognatione
1082 1863 1161 1907 con·

141 1955 305 2018 aiunctus.
326 1955 380 2018 sed
400 1955 508 2019 dehis
527 1956 620 2039 plura
638 1957 785 2042 persequi
804 1979 877 2021 cum
897 1955 1087 2040 magnitudo
1100 1975 1164 2019 vo·

169 2064 300 2128 luminis
333 2065 495 2149 prohibet,
532 2068 601 2130 tum
637 2066 815 2146 festinatio,
848 2069 886 2131 ut
916 2089 953 2131 ea
984 2065 1162 2149 explicem,

169 2198 250 2259 qnae
281 2197 411 2241 exorsus
441 2200 522 2246 sum.
570 2201 666 2262 qnare
698 2182 739 2243 ad
769 2162 979 2265 propositum
993 2177 1168 2242 veniemus

169 2291 202 2352 et
231 2287 266 2351 in
289 2288 349 2352 hoc
372 2310 565 2373 exponemus
588 2290 669 2356 libro
695 2294 733 2357 de
756 2291 823 2356 vita
847 2289 1072 2356 excellentium
1094 2289 1168 2355 im-

168 2403 362 2484 peratorum.

546 2628 743 2638 —-—....

507 2781 535 2854 Ι.
562 2782 821 2857 musianus

151 2959 180 3036 1,
215 2954 392 3029 Miltiades,
418 2949 561 3017 Cimonis
584 2952 686 3031 filius,
707 2951 930 3030 Atheniensis,
952 2974 1025 3017 cum
1045 2956 1079 3017 et
1096 2975 1163 3018 an·

167 3069 318 3155 tiquitate
348 3064 474 3149 generis
504 3068 536 3129 et
560 3065 662 3149 gloria
685 3064 842 3128 maiorum
865 3067 897 3128 et
921 3087 978 3128 sua
1000 3065 1164 3129 modestia

168 3204 250 3246 unns
275 3177 418 3243 omnium
443 3176 579 3240 maxime
602 3175 730 3239 floreret
752 3196 850 3259 eaque
874 3175 956 3238 esset·
976 3176 1101 3253 aetate,
1119 3177 1165 3239 ut

168 3316 235 3359 non
263 3292 328 3355 iam
357 3290 459 3354 solum
472 3289 522 3383 yde
545 3309 582 3351 eo
607 3287 688 3351 bene
711 3308 853 3370 sperare,
879 3288 933 3350 sed
957 3285 1055 3350 etiam
1079 3307 1162 3352 oon-

167 3406 264 3470 fidere
288 3404 370 3468 cives
393 3402 524 3486 possent
546 3382 595 3463 sui
635 3398 731 3462 talem
752 3420 823 3462 eum
842 3397 1006 3476 futurum,
1027 3398 1167 3481 qualem·

101 3577 126 3599 „
168 3516 335 3601 cognitum
364 3512 563 3593 iudicarunt,
587 3509 703 3574 accidit
726 3513 763 3573 ut
785 3509 996 3574 Athenienses
1019 3505 1164 3575 Cherso-

139 3650 278 3695 anesum
315 3625 445 3690 colonos
479 3621 599 3688 vellent
632 3620 767 3685 mittere.
804 3623 894 3688 cuius
924 3620 1052 3707 generis
1084 3641 1159 3687 eum
