2460 4026
163 188 203 253 58
432 209 505 255 xrn.
529 207 719 253 rruornuus.
748 192 775 253 1.
802 189 831 252 2.

323 444 327 457 ’
424 427 526 499 XIII.
553 425 842 519 TIMOTHEUS,

130 593 146 655 1
203 592 408 676 Timotheus,
455 590 596 657 Cononis
638 592 739 669 filius,
784 591 1002 656 Atheniensis.
1046 591 1100 665 hie
1138 613 1158 654 6

159 709 249 788 patre
282 709 444 789 acceptam
468 705 604 789 gloriam
628 704 737 767 multis
761 703 852 766 auxit
876 703 1068 768 virtutibus:
1093 703 1159 768 fuit

158 816 243 878 eninr
267 815 420 893 disertus,
445 816 599 901 impiger,
623 814 816 891 1616116666,
837 814 883 878 161
903 814 1050 878 militaris
1069 815 1158 899 peri-

130 932 210 991 6166
253 950 355 1012 66666
398 928 503 992 minus
547 927 684 991 civitatis
720 927 887 1007 regendae.
924 927 1026 989 multa
1060 924 1159 990 huius

158 1043 233 1103 sunt
272 1039 432 1123 praeclare
473 1039 576 1115 facta,
622 1039 676 1101 sed
718 1038 796 1102 haec
832 1039 969 1102 maxime
1004 1038 1155 1105 illustria.

160 1149 329 1234 Olynthios
361 1154 394 1214 61
420 1149 593 1234 Byzantios
617 1150 700 1214 bello
726 1151 870 1234 subegIt,
896 1149 1026 1214 Samum
1051 1151 1156 1235 cepit:

156 1262 191 1325 in
215 1283 278 1345 quo
302 1263 521 1346 oppugnando
546 1263 706 1346 superiore
725 1262 808 1326 bello
831 1261 1045 1326 Athenienses
1065 1263 1158 1327 mille

158 1377 190 1436 et
224 1373 361 1435 ducenta
396 1372 518 1436 talenta
550 1377 808 1451 consumserant,
840 1373 874 1437 id
903 1373 957 1437 ille
989 1373 1057 1437 sine
1088 1376 1158 1439 ulla

157 1483 285 1568 publica
328 1485 474 1569 impensa
508 1486 627 1570 populo
663 1486 810 1549 restituit.
850 1486 1000 1550 adversus
1037 1483 1156 1550 Cotum

157 1594 241 1658 bella
277 1597 377 1679 gessit
411 1597 450 1660 ab
486 1619 585 1682 66666
621 1600 758 1661 ducenta
793 1597 916 1661 talenta
951 1592 1088 1680 praedae
1120 1599 1159 1663 in

129 1707 321 1791 apublieum
350 1711 486 1776 16116111.
512 1709 662 1794 Cyzicum
687 1710 851 1774 obsidione
874 1709 1030 1773 liberavit.
1057 1709 1156 1774 Ario·

157 1819 288 1883 barzani
320 1822 415 1885 simul
445 1843 517 1885 cum
539 1821 689 1906 Agesilao
715 1822 833 1885 auxilio
857 1820 1019 1905 profectus
1044 1825 1111 1887 est:
1137 1845 1157 1887 a

156 1950 219 2013 666
254 1953 325 1995 cum
359 1932 442 1996 Laco
466 1933 635 2016 pecuniam
659 1936 861 1996 numeratam
886 1935 1075 2018 accepisset,
1100 1935 1157 1999 ille

156 2041 240 2105 cives
269 2064 342 2106 suos
373 2063 451 2128 agro
483 2048 578 2128 atque
608 2044 741 2108 urbibus
773 2045 883 2128 augeri
915 2045 1031 2109 maluit
1055 2068 1155 2130 quam

23 2180 26 2185 ·
155 2152 187 2216 id
221 2176 367 2233 sumere,
396 2156 485 2221 euius
510 2160 634 2241 partem
660 2156 789 2220 domurn
814 2179 901 2248 suam
927 2155 1009 2220 16116
1034 2160 1153 2240 posset.

155 2265 262 2349 itaque
287 2269 410 2352 accepit
435 2267 605 2333 Crithoten
629 2274 660 2333 et
683 2267 818 2334 Sestum.

126 2377 145 2437 2
199 2377 289 2440 Idem
333 2378 425 2443 classi
466 2381 644 2464 praefectus
679 2380 915 2444 circumvehens
951 2380 1154 2465 Peloponne-

155 2511 244 2567 sum,
276 2490 456 2557 Laconicen
490 2491 678 2575 populatus,
714 2491 845 2555 classem
869 2512 978 2555 eorum
1007 2491 1154 2577 fugavit,

156 2597 327 2684 Corcyram
358 2604 417 2666 sub
448 2603 617 2687 imperium
648 2603 894 2667 Atheniensium
926 2603 1068 2686 redegit,
1101 2627 1154 2669 66-

157 2711 281 2795 6166666
304 2713 388 2777 idem
413 2715 983 2800 61166111Ε6116166,1111666666,
1004 2715 1153 2782 Chaonas

128 2837 327 2908 6616666666
350 2838 401 2889 666
425 2830 564 2911 gentes,
588 2850 668 2912 quae
692 2850 779 2892 mare
802 2828 883 2892 illud
906 2828 1063 2892 adiacent.
1089 2851 1151 2913 quo

155 2934 241 2999 16616
275 2937 516 3003 Lacedaemonii
553 2941 590 3004 de
626 2940 751 3004 diutina
782 2940 989 3005 contentione
1020 2941 1152 3005 destite-

154 3052 231 3111 runt
261 3053 293 3112 61
324 3072 381 3114 666
412 3055 525 3134 sponte
558 3051 810 3116 Atheniensibus
841 3051 966 3135 imperii
998 3053 1152 3116 maritimi

154 3160 371 3245 principatum
404 3168 642 3240 concesserunt,
666 3184 839 3247 pacemque
861 3162 900 3226 iis
924 3163 1049 3247 legibus
1074 3186 1151 3229 con-

154 3270 347 3357 st‘tuerunt,
380 3285 418 3336 ut
448 3272 662 3338 Athenienses
694 3274 774 3338 mari
805 3275 898 3338 duces
929 3280 1043 3340 essent.
1069 3298 1150 3359 quae

155 3380 289 3446 victoria
311 3389 422 3450 tantae
445 3385 508 3450 1611
532 3386 651 3450 Atticis
674 3386 832 3462 laetitiae,
846 3389 895 3448 ·ut
917 3390 986 3450 tum
1010 3387 1150 3471 primum

156 3514 227 3557 arae
256 3494 333 3560 Paci
355 3498 481 3581 publice
506 3498 572 3562 sint
595 3497 697 3562 166166
721 3499 811 3582 61666
836 3501 911 3562 1666
934 3498 1085 3581 pulvinar
1109 3500 1151 3564 sit

128 3607 349 3671 sinst'tutum.
375 3610 465 3673 cuius
488 3610 590 3674 laudis
615 3613 653 3672 ut
677 3611 829 3674 memoria
853 3612 1014 3688 maneret,
1041 3610 1150 3676 Timo-
