<?xml version="1.0" encoding="UTF-8"?>
<!DOCTYPE html PUBLIC "-//W3C//DTD XHTML 1.0 Transitional//EN"
    "http://www.w3.org/TR/xhtml1/DTD/xhtml1-transitional.dtd">
<html xmlns="http://www.w3.org/1999/xhtml" xml:lang="en" lang="en">
 <head>
  <title>
</title>
<meta http-equiv="Content-Type" content="text/html;charset=utf-8" />
  <meta name='ocr-system' content='tesseract 3.04.00' />
  <meta name='ocr-capabilities' content='ocr_page ocr_carea ocr_par ocr_line ocrx_word'/>
</head>
<body>
  <div class='ocr_page' id='page_1' title='image "./corneliinepotis09nepogoog_0080.png"; bbox 0 0 2460 4026; ppageno 0'>
   <div class='ocr_carea' id='block_1_1' title="bbox 425 187 1080 254">
    <p class='ocr_par' dir='ltr' id='par_1_1' title="bbox 425 187 1080 254">
     <span class='ocr_line' id='line_1_1' title="bbox 425 187 1080 254; baseline -0.002 -3"><span class='ocrx_word' id='word_1_1' title='bbox 425 207 493 251; x_wconf 80' lang='lat' dir='ltr'>mv.</span> <span class='ocrx_word' id='word_1_2' title='bbox 518 207 671 252; x_wconf 73' lang='lat' dir='ltr'>olannus.</span> <span class='ocrx_word' id='word_1_3' title='bbox 700 188 729 254; x_wconf 93' lang='lat'>1.</span> <span class='ocrx_word' id='word_1_4' title='bbox 756 188 787 250; x_wconf 83' lang='grc'>2.</span> <span class='ocrx_word' id='word_1_5' title='bbox 1038 187 1080 252; x_wconf 91' lang='grc'>61</span> 
     </span>
    </p>
   </div>
   <div class='ocr_carea' id='block_1_2' title="bbox 83 378 1111 1139">
    <p class='ocr_par' dir='ltr' id='par_1_2' title="bbox 83 378 1111 1139">
     <span class='ocr_line' id='line_1_2' title="bbox 84 378 1082 472; baseline -0.002 -23"><span class='ocrx_word' id='word_1_6' title='bbox 84 384 150 449; x_wconf 89' lang='lat' dir='ltr'>silii</span> <span class='ocrx_word' id='word_1_7' title='bbox 185 382 329 447; x_wconf 92' lang='lat' dir='ltr'>omnium</span> <span class='ocrx_word' id='word_1_8' title='bbox 362 380 588 458; x_wconf 88' lang='lat' dir='ltr'>barbarorum,</span> <span class='ocrx_word' id='word_1_9' title='bbox 621 380 762 466; x_wconf 73' lang='lat' dir='ltr'>exceptis</span> <span class='ocrx_word' id='word_1_10' title='bbox 792 380 922 472; x_wconf 81' lang='lat' dir='ltr'>duobus</span> <span class='ocrx_word' id='word_1_11' title='bbox 946 378 1082 447; x_wconf 73' lang='lat' dir='ltr'>Cartha-</span> 
     </span>
     <span class='ocr_line' id='line_1_3' title="bbox 84 492 1111 592; baseline 0.001 -32"><span class='ocrx_word' id='word_1_12' title='bbox 84 495 303 581; x_wconf 82' lang='lat' dir='ltr'>giniensibus,</span> <span class='ocrx_word' id='word_1_13' title='bbox 339 492 521 559; x_wconf 78' lang='lat' dir='ltr'>Hamilcare</span> <span class='ocrx_word' id='word_1_14' title='bbox 556 497 589 558; x_wconf 78' lang='lat' dir='ltr'>el</span> <span class='ocrx_word' id='word_1_15' title='bbox 624 494 819 592; x_wconf 79' lang='lat' dir='ltr'>Hannibale.</span> <span class='ocrx_word' id='word_1_16' title='bbox 856 492 895 556; x_wconf 89' lang='lat' dir='ltr'>de</span> <span class='ocrx_word' id='word_1_17' title='bbox 925 514 989 576; x_wconf 91' lang='lat' dir='ltr'>quo</span> <span class='ocrx_word' id='word_1_18' title='bbox 1020 493 1111 561; x_wconf 76' lang='lat' dir='ltr'>hoco</span> 
     </span>
     <span class='ocr_line' id='line_1_4' title="bbox 85 607 1083 694; baseline -0.001 -21"><span class='ocrx_word' id='word_1_19' title='bbox 85 609 189 694; x_wconf 80' lang='lat' dir='ltr'>plura</span> <span class='ocrx_word' id='word_1_20' title='bbox 211 608 400 685; x_wconf 85' lang='lat' dir='ltr'>referemus,</span> <span class='ocrx_word' id='word_1_21' title='bbox 430 607 516 691; x_wconf 85' lang='lat' dir='ltr'>quod</span> <span class='ocrx_word' id='word_1_22' title='bbox 541 611 573 671; x_wconf 77' lang='lat' dir='ltr'>el</span> <span class='ocrx_word' id='word_1_23' title='bbox 596 607 780 672; x_wconf 82' lang='lat' dir='ltr'>obscuriora</span> <span class='ocrx_word' id='word_1_24' title='bbox 803 612 880 673; x_wconf 76' lang='lat' dir='ltr'>sunl</span> <span class='ocrx_word' id='word_1_25' title='bbox 903 609 969 674; x_wconf 91' lang='lat' dir='ltr'>eius</span> <span class='ocrx_word' id='word_1_26' title='bbox 992 612 1083 692; x_wconf 81' lang='lat' dir='ltr'>gesla</span> 
     </span>
     <span class='ocr_line' id='line_1_5' title="bbox 84 720 1083 806; baseline 0.001 -24"><span class='ocrx_word' id='word_1_27' title='bbox 84 720 237 806; x_wconf 83' lang='lat' dir='ltr'>pleraque</span> <span class='ocrx_word' id='word_1_28' title='bbox 278 721 311 783; x_wconf 80' lang='lat' dir='ltr'>el</span> <span class='ocrx_word' id='word_1_29' title='bbox 346 741 399 796; x_wconf 89' lang='lat' dir='ltr'>ea,</span> <span class='ocrx_word' id='word_1_30' title='bbox 435 741 517 802; x_wconf 91' lang='lat' dir='ltr'>quae</span> <span class='ocrx_word' id='word_1_31' title='bbox 551 740 700 803; x_wconf 88' lang='lat' dir='ltr'>prospere</span> <span class='ocrx_word' id='word_1_32' title='bbox 735 721 765 784; x_wconf 95' lang='lat' dir='ltr'>ei</span> <span class='ocrx_word' id='word_1_33' title='bbox 800 725 976 798; x_wconf 80' lang='lat' dir='ltr'>cesserunl,</span> <span class='ocrx_word' id='word_1_34' title='bbox 1016 741 1083 784; x_wconf 90' lang='lat' dir='ltr'>non</span> 
     </span>
     <span class='ocr_line' id='line_1_6' title="bbox 83 830 1081 917; baseline -0.001 -21"><span class='ocrx_word' id='word_1_35' title='bbox 83 831 308 917; x_wconf 78' lang='lat' dir='ltr'>magnitudine</span> <span class='ocrx_word' id='word_1_36' title='bbox 331 830 512 914; x_wconf 87' lang='lat' dir='ltr'>copiarum,</span> <span class='ocrx_word' id='word_1_37' title='bbox 534 833 589 895; x_wconf 86' lang='lat' dir='ltr'>sed</span> <span class='ocrx_word' id='word_1_38' title='bbox 608 831 753 908; x_wconf 84' lang='lat' dir='ltr'>consilii,</span> <span class='ocrx_word' id='word_1_39' title='bbox 773 853 836 916; x_wconf 92' lang='lat' dir='ltr'>quo</span> <span class='ocrx_word' id='word_1_40' title='bbox 858 853 968 897; x_wconf 89' lang='lat' dir='ltr'>omnes</span> <span class='ocrx_word' id='word_1_41' title='bbox 988 854 1081 917; x_wconf 90' lang='lat' dir='ltr'>supe-</span> 
     </span>
     <span class='ocr_line' id='line_1_7' title="bbox 84 942 1082 1028; baseline -0.001 -20"><span class='ocrx_word' id='word_1_42' title='bbox 84 945 197 1021; x_wconf 75' lang='lat' dir='ltr'>rabat,</span> <span class='ocrx_word' id='word_1_43' title='bbox 227 943 427 1008; x_wconf 77' lang='lat' dir='ltr'>acciderunt:</span> <span class='ocrx_word' id='word_1_44' title='bbox 452 963 588 1027; x_wconf 89' lang='lat' dir='ltr'>quorum</span> <span class='ocrx_word' id='word_1_45' title='bbox 612 942 676 1007; x_wconf 87' lang='lat' dir='ltr'>nisi</span> <span class='ocrx_word' id='word_1_46' title='bbox 698 943 781 1007; x_wconf 82' lang='lat' dir='ltr'>ratio</span> <span class='ocrx_word' id='word_1_47' title='bbox 806 945 964 1028; x_wconf 74' lang='lat' dir='ltr'>explicata</span> <span class='ocrx_word' id='word_1_48' title='bbox 974 943 1082 1022; x_wconf 79' lang='lat' dir='ltr'>fueril,</span> 
     </span>
     <span class='ocr_line' id='line_1_8' title="bbox 85 1057 955 1139; baseline -0.006 -19"><span class='ocrx_word' id='word_1_49' title='bbox 85 1077 135 1120; x_wconf 88' lang='lat' dir='ltr'>res</span> <span class='ocrx_word' id='word_1_50' title='bbox 158 1076 312 1139; x_wconf 87' lang='lat' dir='ltr'>apparere</span> <span class='ocrx_word' id='word_1_51' title='bbox 336 1057 578 1138; x_wconf 80' lang='lat' dir='ltr'>nonpoterunl.</span> <span class='ocrx_word' id='word_1_52' title='bbox 951 1063 955 1068; x_wconf 85' lang='lat'>&#39;</span> 
     </span>
    </p>
   </div>
   <div class='ocr_carea' id='block_1_3' title="bbox 427 1404 789 1480">
    <p class='ocr_par' dir='ltr' id='par_1_3' title="bbox 427 1404 789 1480">
     <span class='ocr_line' id='line_1_9' title="bbox 427 1404 789 1480; baseline 0.008 -3"><span class='ocrx_word' id='word_1_53' title='bbox 427 1405 526 1478; x_wconf 88' lang='lat' dir='ltr'>XIV.</span> <span class='ocrx_word' id='word_1_54' title='bbox 550 1404 789 1480; x_wconf 74' lang='lat' dir='ltr'>DATAMES.</span> 
     </span>
    </p>
   </div>
   <div class='ocr_carea' id='block_1_4' title="bbox 80 1565 1202 3689">
    <p class='ocr_par' dir='ltr' id='par_1_4' title="bbox 86 1565 1187 2789">
     <span class='ocr_line' id='line_1_10' title="bbox 132 1565 1111 1669; baseline 0.002 -20"><span class='ocrx_word' id='word_1_55' title='bbox 132 1578 302 1663; x_wconf 70' lang='lat' dir='ltr'>Datames,</span> <span class='ocrx_word' id='word_1_56' title='bbox 344 1565 445 1669; x_wconf 75' lang='lat' dir='ltr'>patre</span> <span class='ocrx_word' id='word_1_57' title='bbox 470 1582 647 1663; x_wconf 82' lang='lat' dir='ltr'>Camisare,</span> <span class='ocrx_word' id='word_1_58' title='bbox 684 1586 815 1650; x_wconf 81' lang='lat' dir='ltr'>natione</span> <span class='ocrx_word' id='word_1_59' title='bbox 851 1584 946 1664; x_wconf 87' lang='lat' dir='ltr'>Care,</span> <span class='ocrx_word' id='word_1_60' title='bbox 982 1590 1111 1653; x_wconf 74' lang='lat' dir='ltr'>malrel</span> 
     </span>
     <span class='ocr_line' id='line_1_11' title="bbox 87 1695 1085 1782; baseline -0.001 -19"><span class='ocrx_word' id='word_1_61' title='bbox 87 1696 252 1782; x_wconf 68' lang='lat' dir='ltr'>Scythissa</span> <span class='ocrx_word' id='word_1_62' title='bbox 286 1698 398 1772; x_wconf 77' lang='lat' dir='ltr'>nalus,</span> <span class='ocrx_word' id='word_1_63' title='bbox 434 1695 574 1781; x_wconf 88' lang='lat' dir='ltr'>primum</span> <span class='ocrx_word' id='word_1_64' title='bbox 608 1697 748 1761; x_wconf 77' lang='lat' dir='ltr'>militum</span> <span class='ocrx_word' id='word_1_65' title='bbox 783 1699 818 1761; x_wconf 90' lang='lat' dir='ltr'>in</span> <span class='ocrx_word' id='word_1_66' title='bbox 854 1720 987 1763; x_wconf 88' lang='lat' dir='ltr'>numero</span> <span class='ocrx_word' id='word_1_67' title='bbox 1021 1698 1085 1764; x_wconf 82' lang='lat' dir='ltr'>fuit</span> 
     </span>
     <span class='ocr_line' id='line_1_12' title="bbox 87 1807 1187 1894; baseline 0 -20"><span class='ocrx_word' id='word_1_68' title='bbox 87 1812 173 1894; x_wconf 86' lang='lat' dir='ltr'>apud</span> <span class='ocrx_word' id='word_1_69' title='bbox 194 1807 401 1874; x_wconf 80' lang='lat' dir='ltr'>Arlaxerxem</span> <span class='ocrx_word' id='word_1_70' title='bbox 424 1830 551 1886; x_wconf 90' lang='lat' dir='ltr'>eorum,</span> <span class='ocrx_word' id='word_1_71' title='bbox 571 1809 628 1894; x_wconf 90' lang='lat' dir='ltr'>qui</span> <span class='ocrx_word' id='word_1_72' title='bbox 646 1809 768 1893; x_wconf 82' lang='lat' dir='ltr'>regiam</span> <span class='ocrx_word' id='word_1_73' title='bbox 787 1810 971 1875; x_wconf 79' lang='lat' dir='ltr'>luebanlur.</span> <span class='ocrx_word' id='word_1_74' title='bbox 992 1813 1084 1894; x_wconf 73' lang='lat' dir='ltr'>paler</span> <span class='ocrx_word' id='word_1_75' title='bbox 1184 1837 1187 1843; x_wconf 91' lang='lat'>·</span> 
     </span>
     <span class='ocr_line' id='line_1_13' title="bbox 87 1917 1136 2004; baseline -0.001 -19"><span class='ocrx_word' id='word_1_76' title='bbox 87 1921 155 1985; x_wconf 88' lang='lat' dir='ltr'>eius</span> <span class='ocrx_word' id='word_1_77' title='bbox 187 1918 381 1997; x_wconf 82' lang='lat' dir='ltr'>Camisares,</span> <span class='ocrx_word' id='word_1_78' title='bbox 413 1921 498 2004; x_wconf 93' lang='lat' dir='ltr'>quod</span> <span class='ocrx_word' id='word_1_79' title='bbox 530 1923 564 1985; x_wconf 78' lang='lat' dir='ltr'>el</span> <span class='ocrx_word' id='word_1_80' title='bbox 594 1943 691 1986; x_wconf 88' lang='lat' dir='ltr'>manu</span> <span class='ocrx_word' id='word_1_81' title='bbox 722 1921 815 1986; x_wconf 74' lang='lat' dir='ltr'>fortis</span> <span class='ocrx_word' id='word_1_82' title='bbox 839 1917 978 1986; x_wconf 82' lang='lat' dir='ltr'>albella</span> <span class='ocrx_word' id='word_1_83' title='bbox 1002 1924 1083 1986; x_wconf 70' lang='lat' dir='ltr'>stre·</span> <span class='ocrx_word' id='word_1_84' title='bbox 1132 1941 1136 1953; x_wconf 79' lang='lat'><strong><em>¹</em></strong></span> 
     </span>
     <span class='ocr_line' id='line_1_14' title="bbox 86 2031 1084 2117; baseline 0.001 -21"><span class='ocrx_word' id='word_1_85' title='bbox 86 2055 170 2097; x_wconf 89' lang='lat' dir='ltr'>nuus</span> <span class='ocrx_word' id='word_1_86' title='bbox 193 2035 226 2096; x_wconf 79' lang='lat' dir='ltr'>el</span> <span class='ocrx_word' id='word_1_87' title='bbox 247 2031 318 2116; x_wconf 87' lang='lat' dir='ltr'>regi</span> <span class='ocrx_word' id='word_1_88' title='bbox 340 2031 449 2096; x_wconf 78' lang='lat' dir='ltr'>mullis</span> <span class='ocrx_word' id='word_1_89' title='bbox 472 2032 551 2097; x_wconf 91' lang='lat' dir='ltr'>locis</span> <span class='ocrx_word' id='word_1_90' title='bbox 574 2032 677 2097; x_wconf 87' lang='lat' dir='ltr'>fidelis</span> <span class='ocrx_word' id='word_1_91' title='bbox 700 2038 769 2097; x_wconf 77' lang='lat' dir='ltr'>erat</span> <span class='ocrx_word' id='word_1_92' title='bbox 787 2037 948 2117; x_wconf 73' lang='lat' dir='ltr'>repertus,</span> <span class='ocrx_word' id='word_1_93' title='bbox 969 2034 1084 2097; x_wconf 81' lang='lat' dir='ltr'>habuit</span> 
     </span>
     <span class='ocr_line' id='line_1_15' title="bbox 86 2142 1083 2229; baseline 0.001 -22"><span class='ocrx_word' id='word_1_94' title='bbox 86 2143 285 2229; x_wconf 82' lang='lat' dir='ltr'>provinciam</span> <span class='ocrx_word' id='word_1_95' title='bbox 308 2146 431 2226; x_wconf 81' lang='lat' dir='ltr'>partem</span> <span class='ocrx_word' id='word_1_96' title='bbox 453 2142 582 2209; x_wconf 75' lang='lat' dir='ltr'>Ciliciae</span> <span class='ocrx_word' id='word_1_97' title='bbox 605 2145 693 2208; x_wconf 71' lang='lat' dir='ltr'>iuxta</span> <span class='ocrx_word' id='word_1_98' title='bbox 712 2142 964 2228; x_wconf 88' lang='lat' dir='ltr'>Cappadociam,</span> <span class='ocrx_word' id='word_1_99' title='bbox 986 2167 1083 2228; x_wconf 92' lang='lat' dir='ltr'>quam</span> 
     </span>
     <span class='ocr_line' id='line_1_16' title="bbox 86 2253 1112 2340; baseline 0.002 -22"><span class='ocrx_word' id='word_1_100' title='bbox 86 2254 237 2318; x_wconf 77' lang='lat' dir='ltr'>incolunt</span> <span class='ocrx_word' id='word_1_101' title='bbox 263 2253 444 2339; x_wconf 85' lang='lat' dir='ltr'>Leucosyri.</span> <span class='ocrx_word' id='word_1_102' title='bbox 469 2253 620 2320; x_wconf 80' lang='lat' dir='ltr'>Datames</span> <span class='ocrx_word' id='word_1_103' title='bbox 643 2255 781 2320; x_wconf 75' lang='lat' dir='ltr'>militare</span> <span class='ocrx_word' id='word_1_104' title='bbox 804 2278 921 2320; x_wconf 90' lang='lat' dir='ltr'>munus</span> <span class='ocrx_word' id='word_1_105' title='bbox 943 2256 1112 2340; x_wconf 79' lang='lat' dir='ltr'>fungensa</span> 
     </span>
     <span class='ocr_line' id='line_1_17' title="bbox 87 2365 1083 2453; baseline 0 -23"><span class='ocrx_word' id='word_1_106' title='bbox 87 2365 228 2449; x_wconf 89' lang='lat' dir='ltr'>primum</span> <span class='ocrx_word' id='word_1_107' title='bbox 258 2368 361 2451; x_wconf 89' lang='lat' dir='ltr'>qualis</span> <span class='ocrx_word' id='word_1_108' title='bbox 384 2371 484 2445; x_wconf 77' lang='lat' dir='ltr'>esset,</span> <span class='ocrx_word' id='word_1_109' title='bbox 509 2368 634 2452; x_wconf 74' lang='lat' dir='ltr'>aperuit</span> <span class='ocrx_word' id='word_1_110' title='bbox 657 2369 691 2432; x_wconf 89' lang='lat' dir='ltr'>in</span> <span class='ocrx_word' id='word_1_111' title='bbox 714 2369 817 2453; x_wconf 88' lang='lat' dir='ltr'>bello,</span> <span class='ocrx_word' id='word_1_112' title='bbox 841 2371 928 2452; x_wconf 87' lang='lat' dir='ltr'>quod</span> <span class='ocrx_word' id='word_1_113' title='bbox 949 2389 1005 2432; x_wconf 88' lang='lat' dir='ltr'>rex</span> <span class='ocrx_word' id='word_1_114' title='bbox 1026 2369 1083 2430; x_wconf 84' lang='lat' dir='ltr'>ad-</span> 
     </span>
     <span class='ocr_line' id='line_1_18' title="bbox 87 2475 1084 2564; baseline -0.001 -22"><span class='ocrx_word' id='word_1_115' title='bbox 87 2499 197 2542; x_wconf 88' lang='lat' dir='ltr'>versus</span> <span class='ocrx_word' id='word_1_116' title='bbox 228 2475 382 2543; x_wconf 87' lang='lat' dir='ltr'>Cadusios</span> <span class='ocrx_word' id='word_1_117' title='bbox 413 2479 519 2563; x_wconf 78' lang='lat' dir='ltr'>gessit.</span> <span class='ocrx_word' id='word_1_118' title='bbox 545 2502 683 2564; x_wconf 90' lang='lat' dir='ltr'>namque</span> <span class='ocrx_word' id='word_1_119' title='bbox 712 2481 765 2545; x_wconf 88' lang='lat' dir='ltr'>hic</span> <span class='ocrx_word' id='word_1_120' title='bbox 797 2479 907 2564; x_wconf 83' lang='lat' dir='ltr'>magni</span> <span class='ocrx_word' id='word_1_121' title='bbox 930 2478 993 2542; x_wconf 74' lang='lat' dir='ltr'>suit</span> <span class='ocrx_word' id='word_1_122' title='bbox 1017 2477 1084 2542; x_wconf 88' lang='lat' dir='ltr'>eius</span> 
     </span>
     <span class='ocr_line' id='line_1_19' title="bbox 88 2589 1087 2672; baseline 0 -19"><span class='ocrx_word' id='word_1_123' title='bbox 88 2609 195 2672; x_wconf 89' lang='lat' dir='ltr'>opera.</span> <span class='ocrx_word' id='word_1_124' title='bbox 232 2610 296 2672; x_wconf 91' lang='lat' dir='ltr'>quo</span> <span class='ocrx_word' id='word_1_125' title='bbox 322 2589 447 2661; x_wconf 68' lang='lat' dir='ltr'>factum</span> <span class='ocrx_word' id='word_1_126' title='bbox 478 2594 543 2670; x_wconf 74' lang='lat' dir='ltr'>est,</span> <span class='ocrx_word' id='word_1_127' title='bbox 568 2613 640 2656; x_wconf 91' lang='lat' dir='ltr'>cum</span> <span class='ocrx_word' id='word_1_128' title='bbox 670 2592 705 2656; x_wconf 93' lang='lat' dir='ltr'>in</span> <span class='ocrx_word' id='word_1_129' title='bbox 737 2613 773 2656; x_wconf 88' lang='lat' dir='ltr'>eo</span> <span class='ocrx_word' id='word_1_130' title='bbox 806 2592 890 2656; x_wconf 91' lang='lat' dir='ltr'>bello</span> <span class='ocrx_word' id='word_1_131' title='bbox 922 2590 1087 2655; x_wconf 76' lang='lat' dir='ltr'>cecidisset</span> 
     </span>
     <span class='ocr_line' id='line_1_20' title="bbox 87 2701 955 2789; baseline -0.001 -22"><span class='ocrx_word' id='word_1_132' title='bbox 87 2701 282 2779; x_wconf 87' lang='lat' dir='ltr'>Camisares,</span> <span class='ocrx_word' id='word_1_133' title='bbox 307 2705 345 2766; x_wconf 76' lang='lat' dir='ltr'>ut</span> <span class='ocrx_word' id='word_1_134' title='bbox 367 2705 503 2786; x_wconf 76' lang='lat' dir='ltr'>palerna</span> <span class='ocrx_word' id='word_1_135' title='bbox 525 2703 554 2768; x_wconf 93' lang='lat' dir='ltr'>ei</span> <span class='ocrx_word' id='word_1_136' title='bbox 578 2704 757 2768; x_wconf 69' lang='lat' dir='ltr'>traderetur</span> <span class='ocrx_word' id='word_1_137' title='bbox 779 2702 955 2789; x_wconf 80' lang='lat' dir='ltr'>provincia.</span> 
     </span>
    </p>

    <p class='ocr_par' dir='ltr' id='par_1_5' title="bbox 80 2813 1202 3689">
     <span class='ocr_line' id='line_1_21' title="bbox 131 2813 1113 2900; baseline -0.004 -21"><span class='ocrx_word' id='word_1_138' title='bbox 131 2814 209 2879; x_wconf 89' lang='lat' dir='ltr'>Pari</span> <span class='ocrx_word' id='word_1_139' title='bbox 243 2837 276 2879; x_wconf 89' lang='lat' dir='ltr'>se</span> <span class='ocrx_word' id='word_1_140' title='bbox 311 2815 429 2879; x_wconf 76' lang='lat' dir='ltr'>virtute</span> <span class='ocrx_word' id='word_1_141' title='bbox 460 2818 572 2900; x_wconf 74' lang='lat' dir='ltr'>postea</span> <span class='ocrx_word' id='word_1_142' title='bbox 602 2815 765 2899; x_wconf 78' lang='lat' dir='ltr'>praebuil,</span> <span class='ocrx_word' id='word_1_143' title='bbox 797 2837 869 2879; x_wconf 92' lang='lat' dir='ltr'>cum</span> <span class='ocrx_word' id='word_1_144' title='bbox 897 2813 1113 2898; x_wconf 73' lang='lat' dir='ltr'>Autophra2</span> 
     </span>
     <span class='ocr_line' id='line_1_22' title="bbox 87 2924 1083 3010; baseline -0.004 -19"><span class='ocrx_word' id='word_1_145' title='bbox 87 2928 176 2991; x_wconf 77' lang='lat' dir='ltr'>dates</span> <span class='ocrx_word' id='word_1_146' title='bbox 207 2926 296 2992; x_wconf 87' lang='lat' dir='ltr'>iussu</span> <span class='ocrx_word' id='word_1_147' title='bbox 326 2927 412 3010; x_wconf 82' lang='lat' dir='ltr'>regis</span> <span class='ocrx_word' id='word_1_148' title='bbox 443 2926 527 2990; x_wconf 91' lang='lat' dir='ltr'>bello</span> <span class='ocrx_word' id='word_1_149' title='bbox 560 2930 800 3010; x_wconf 79' lang='lat' dir='ltr'>persequerelur</span> <span class='ocrx_word' id='word_1_150' title='bbox 823 2948 892 3009; x_wconf 82' lang='lat' dir='ltr'>eos,</span> <span class='ocrx_word' id='word_1_151' title='bbox 917 2925 973 3009; x_wconf 91' lang='lat' dir='ltr'>qui</span> <span class='ocrx_word' id='word_1_152' title='bbox 997 2924 1083 2988; x_wconf 90' lang='lat' dir='ltr'>defe-</span> 
     </span>
     <span class='ocr_line' id='line_1_23' title="bbox 87 3036 1202 3130; baseline -0.004 -29"><span class='ocrx_word' id='word_1_153' title='bbox 87 3041 206 3102; x_wconf 75' lang='lat' dir='ltr'>cerant.</span> <span class='ocrx_word' id='word_1_154' title='bbox 238 3058 378 3122; x_wconf 87' lang='lat' dir='ltr'>namque</span> <span class='ocrx_word' id='word_1_155' title='bbox 407 3038 502 3104; x_wconf 86' lang='lat' dir='ltr'>huius</span> <span class='ocrx_word' id='word_1_156' title='bbox 529 3059 624 3121; x_wconf 87' lang='lat' dir='ltr'>opera</span> <span class='ocrx_word' id='word_1_157' title='bbox 648 3037 771 3114; x_wconf 77' lang='lat' dir='ltr'>hostes,</span> <span class='ocrx_word' id='word_1_158' title='bbox 797 3060 869 3103; x_wconf 92' lang='lat' dir='ltr'>cum</span> <span class='ocrx_word' id='word_1_159' title='bbox 892 3039 996 3102; x_wconf 70' lang='lat' dir='ltr'>castra</span> <span class='ocrx_word' id='word_1_160' title='bbox 1018 3036 1083 3098; x_wconf 89' lang='lat' dir='ltr'>iam</span> <span class='ocrx_word' id='word_1_161' title='bbox 1199 3125 1202 3130; x_wconf 90' lang='lat'>.</span> 
     </span>
     <span class='ocr_line' id='line_1_24' title="bbox 80 3145 1083 3234; baseline -0.003 -21"><span class='ocrx_word' id='word_1_162' title='bbox 80 3149 278 3226; x_wconf 67' lang='lat' dir='ltr'>incrasant,</span> <span class='ocrx_word' id='word_1_163' title='bbox 303 3149 413 3214; x_wconf 78' lang='lat' dir='ltr'>mullis</span> <span class='ocrx_word' id='word_1_164' title='bbox 436 3149 578 3214; x_wconf 88' lang='lat' dir='ltr'>millibus</span> <span class='ocrx_word' id='word_1_165' title='bbox 598 3150 760 3234; x_wconf 85' lang='lat' dir='ltr'>regiorum</span> <span class='ocrx_word' id='word_1_166' title='bbox 782 3147 959 3215; x_wconf 73' lang='lat' dir='ltr'>interfectis</span> <span class='ocrx_word' id='word_1_167' title='bbox 972 3145 1083 3231; x_wconf 88' lang='lat' dir='ltr'>profli-</span> 
     </span>
     <span class='ocr_line' id='line_1_25' title="bbox 85 3259 1082 3345; baseline -0.004 -19"><span class='ocrx_word' id='word_1_168' title='bbox 85 3262 155 3345; x_wconf 78' lang='lat' dir='ltr'>gali</span> <span class='ocrx_word' id='word_1_169' title='bbox 186 3264 264 3326; x_wconf 77' lang='lat' dir='ltr'>sunl</span> <span class='ocrx_word' id='word_1_170' title='bbox 291 3261 509 3344; x_wconf 77' lang='lat' dir='ltr'>exercitusque</span> <span class='ocrx_word' id='word_1_171' title='bbox 533 3261 674 3345; x_wconf 87' lang='lat' dir='ltr'>reliquus</span> <span class='ocrx_word' id='word_1_172' title='bbox 698 3263 902 3326; x_wconf 71' lang='lat' dir='ltr'>conservatus</span> <span class='ocrx_word' id='word_1_173' title='bbox 925 3259 994 3344; x_wconf 82' lang='lat' dir='ltr'>regi</span> <span class='ocrx_word' id='word_1_174' title='bbox 1017 3261 1082 3324; x_wconf 75' lang='lat' dir='ltr'>est:</span> 
     </span>
     <span class='ocr_line' id='line_1_26' title="bbox 86 3372 1113 3458; baseline -0.004 -21"><span class='ocrx_word' id='word_1_175' title='bbox 86 3394 148 3457; x_wconf 92' lang='lat' dir='ltr'>qua</span> <span class='ocrx_word' id='word_1_176' title='bbox 181 3395 220 3438; x_wconf 88' lang='lat' dir='ltr'>ex</span> <span class='ocrx_word' id='word_1_177' title='bbox 251 3394 286 3437; x_wconf 89' lang='lat' dir='ltr'>re</span> <span class='ocrx_word' id='word_1_178' title='bbox 317 3373 491 3438; x_wconf 88' lang='lat' dir='ltr'>maioribus</span> <span class='ocrx_word' id='word_1_179' title='bbox 523 3373 619 3438; x_wconf 90' lang='lat' dir='ltr'>rebus</span> <span class='ocrx_word' id='word_1_180' title='bbox 647 3395 790 3458; x_wconf 86' lang='lat' dir='ltr'>praeesse</span> <span class='ocrx_word' id='word_1_181' title='bbox 814 3372 929 3457; x_wconf 74' lang='lat' dir='ltr'>coepit.</span> <span class='ocrx_word' id='word_1_182' title='bbox 955 3376 1024 3437; x_wconf 73' lang='lat' dir='ltr'>erat</span> <span class='ocrx_word' id='word_1_183' title='bbox 1048 3386 1113 3436; x_wconf 79' lang='lat' dir='ltr'>eoa</span> 
     </span>
     <span class='ocr_line' id='line_1_27' title="bbox 87 3477 1192 3570; baseline -0.002 -21"><span class='ocrx_word' id='word_1_184' title='bbox 87 3487 231 3570; x_wconf 75' lang='lat' dir='ltr'>tempore</span> <span class='ocrx_word' id='word_1_185' title='bbox 262 3485 372 3569; x_wconf 81' lang='lat' dir='ltr'>Thuys</span> <span class='ocrx_word' id='word_1_186' title='bbox 404 3486 553 3570; x_wconf 72' lang='lat' dir='ltr'>dynastes</span> <span class='ocrx_word' id='word_1_187' title='bbox 585 3484 844 3569; x_wconf 83' lang='lat' dir='ltr'>Paphlagoniae,</span> <span class='ocrx_word' id='word_1_188' title='bbox 869 3484 1001 3568; x_wconf 80' lang='lat' dir='ltr'>antiquo</span> <span class='ocrx_word' id='word_1_189' title='bbox 1026 3504 1083 3567; x_wconf 82' lang='lat' dir='ltr'>ge·</span> <span class='ocrx_word' id='word_1_190' title='bbox 1191 3477 1192 3482; x_wconf 62' lang='grc'>’</span> 
     </span>
     <span class='ocr_line' id='line_1_28' title="bbox 87 3594 1084 3689; baseline -0.002 -28"><span class='ocrx_word' id='word_1_191' title='bbox 87 3619 162 3667; x_wconf 83' lang='lat' dir='ltr'>nere</span> <span class='ocrx_word' id='word_1_192' title='bbox 193 3602 282 3666; x_wconf 74' lang='lat' dir='ltr'>ortus</span> <span class='ocrx_word' id='word_1_193' title='bbox 313 3597 545 3682; x_wconf 84' lang='lat' dir='ltr'>aPylaemene</span> <span class='ocrx_word' id='word_1_194' title='bbox 568 3597 642 3680; x_wconf 85' lang='lat' dir='ltr'>illc,</span> <span class='ocrx_word' id='word_1_195' title='bbox 668 3618 761 3681; x_wconf 90' lang='lat' dir='ltr'>quem</span> <span class='ocrx_word' id='word_1_196' title='bbox 786 3595 944 3689; x_wconf 89' lang='lat' dir='ltr'>Homerus</span> <span class='ocrx_word' id='word_1_197' title='bbox 968 3594 1084 3660; x_wconf 84' lang='lat' dir='ltr'>Troico</span> 
     </span>
    </p>
   </div>
   <div class='ocr_carea' id='block_1_5' title="bbox 0 0 1237 4026">
    <p class='ocr_par' dir='ltr' id='par_1_6' title="bbox 0 0 1237 4026">
     <span class='ocr_line' id='line_1_29' title="bbox 0 0 1237 4026; baseline 0 0"><span class='ocrx_word' id='word_1_198' title='bbox 0 0 1237 4026; x_wconf 95' lang='lat' dir='ltr'> </span> 
     </span>
    </p>
   </div>
  </div>
 </body>
</html>
