2460 4026
408 177 503 223 xvrn.
528 176 686 223 nonanus.
713 157 765 221 12.
793 159 844 222 13.
1058 161 1100 223 99

103 352 213 416 amicis
248 354 330 415 esset
361 371 489 414 usurus·
527 371 593 413 sese
622 351 705 414 enim
739 372 811 415 cum
842 350 985 415 Eumene
1017 354 1102 435 apud

102 487 174 529 eum
223 485 289 528 non
321 461 454 526 futuros.
501 461 553 525 hic
595 463 725 546 cognita
768 463 894 527 consilii
932 463 1129 529 voluntates

101 580 213 640 tamen
255 596 355 658 usque
398 576 439 636 ad
482 573 651 656 septimum
689 574 771 637 diem
808 575 1004 639 deliberandi
1039 576 1101 640 sibi

102 688 242 772 spatium
273 685 413 769 reliquit.
447 687 517 748 tum
543 687 666 762 eutem,
691 707 762 749 cum
786 686 850 749 iem
875 690 1035 751 vereretur
1059 709 1100 751 ne
1177 732 1180 739 ⁴

101 822 166 884 qua
198 798 310 862 seditio
342 797 498 860 exercitus
529 799 687 882 oreretur,
717 798 821 861 vetuit
843 820 1035 882 quemquem
1059 802 1101 862 ad

102 934 175 975 eum
208 909 335 975 admitti
368 910 400 971 et
419 907 639 991 quotidianum
665 908 784 972 victum
808 911 963 974 removeri
986 910 1098 974 iussit:

101 1045 179 1087 nam
214 1021 357 1105 negabat
390 1042 423 1084 se
458 1021 487 1084 ei
520 1021 586 1084 vim
617 1021 809 1098 allaturum,
843 1021 893 1085 cui
924 1002 1098 1105 aliquande

100 1135 213 1199 fuisset
247 1132 376 1196 amicus.
414 1132 467 1196 hic
502 1134 610 1196 tamen
646 1153 712 1196 non
745 1133 879 1216 amplius
912 1155 1007 1216 quam
1041 1133 1127 1196 tri-4

101 1248 201 1311 duum
236 1245 320 1308 fame
350 1243 522 1328 fatigatus,
556 1265 628 1307 cum
659 1247 764 1308 castra
796 1247 1016 1323 moverentur,
1048 1247 1099 1309 in-

100 1358 220 1423 sciente
244 1355 411 1440 Antigono
432 1354 599 1438 iugulatus
623 1358 671 1417 est
695 1377 714 1417 a
739 1355 933 1420 custodibus.

116 1556 119 1561 .
147 1469 199 1534 Sic
233 1467 393 1532 Eumenes
428 1488 586 1531 annorum
622 1466 764 1550 quinque
796 1471 828 1531 et
859 1469 1089 1552 quadraginta,
1103 1471 1144 1535 13

100 1604 173 1646 cum
198 1580 238 1643 ab
260 1600 346 1643 enno
366 1578 533 1655 vicesimo,
554 1577 603 1640 uti
623 1599 719 1661 supra
739 1579 955 1657 ostendimus,
976 1583 1098 1665 septem

100 1713 205 1757 anuos
235 1672 386 1774 Philippo
419 1689 641 1773 apparuisset,
666 1689 816 1752 tredecim
848 1691 934 1774 apud
956 1690 1099 1756 Alexan-

100 1808 194 1868 drum
226 1803 361 1866 eundem
393 1800 497 1865 locum
521 1800 730 1878 obtinuisset,
754 1801 790 1864 in
812 1801 863 1865 his
886 1824 986 1866 unum
1010 1804 1098 1888 equi-

99 1921 170 1980 tum
202 1913 271 1978 alae
300 1911 502 1997 praefuisset,
534 1916 608 1997 post
637 1915 744 1976 eutem
776 1911 954 1978 Alexandri
984 1915 1098 1999 Magni

99 2029 234 2092 mortem
266 2026 440 2109 imperator
468 2025 624 2088 exercitus
648 2024 789 2088 duxisset
812 2047 1015 2109 summosque
1039 2027 1099 2090 du-

98 2161 150 2203 ces
192 2137 310 2221 partim
349 2135 534 2219 repulisset,
571 2136 688 2220 partim
723 2136 948 2212 interfecisset,
987 2140 1098 2219 ceptus

98 2271 166 2314 non
190 2247 349 2332 Antigoni
372 2247 508 2324 virtuto,
533 2247 587 2310 sed
610 2245 820 2311 Macedonum
840 2247 979 2331 periurio
1000 2248 1097 2311 talem

99 2360 214 2425 habuit
236 2361 356 2424 exitum
380 2359 475 2424 vitae.
500 2359 535 2421 in
558 2380 621 2443 quo
645 2363 802 2442 qnantum
826 2357 925 2422 fuerit
945 2358 1127 2443 opinione2

100 2472 245 2536 omnium
269 2491 396 2547 eorum,
421 2471 476 2553 qui
496 2473 570 2554 post
587 2468 806 2533 Alexandrum
828 2469 986 2554 Magnum
1005 2491 1097 2554 reges

100 2586 178 2648 sunt
200 2582 369 2666 appellati,
395 2605 432 2646 ex
455 2583 517 2646 hoe
539 2583 688 2646 facillime
711 2585 818 2666 potest
839 2582 989 2660 iudicari,
1012 2586 1098 2666 quod

100 2716 173 2759 cum
207 2715 300 2757 nemo
334 2692 479 2757 Eumene
511 2694 584 2759 vivo
614 2716 670 2759 rex
701 2694 879 2779 appellatus
913 2696 1011 2773 esset,
1044 2694 1126 2759 sede

99 2806 297 2891 praefectus,
329 2806 430 2869 eidem
458 2809 531 2887 post
554 2803 650 2868 huius
672 2826 818 2868 occasum
844 2806 952 2870 statim
975 2806 1099 2890 regium

99 2922 248 2983 ornatum
292 2937 472 3000 nomenque
513 2918 693 2980 sumserunt
727 2938 848 2999 neque,
885 2917 970 2999 quod
1004 2917 1099 2979 initio

98 3029 338 3113 praedicarant,
375 3051 407 3092 se
439 3026 615 3092 Alexandri
646 3029 754 3092 liberis
786 3049 922 3112 regnum
957 3048 1098 3102 servare,

98 3142 261 3225 praestare
283 3142 471 3217 voluerunt,
493 3140 547 3204 sed
569 3161 604 3203 eo
627 3160 691 3203 uno
711 3141 951 3224 propugnatore
971 3138 1096 3201 sublato

99 3236 176 3335 quid
209 3253 366 3316 sentirent
402 3257 605 3334 aperuerunt.
643 3251 738 3315 huius
778 3251 903 3316 sceleris
938 3249 1097 3333 principes

99 3361 231 3426 fuerunt
266 3362 470 3446 Antigonus,
503 3360 722 3438 PtolemaeuS,
756 3361 923 3438 Seleucus,
953 3359 1099 3444 Lysima-

100 3473 194 3551 chus,
233 3471 419 3538 Cassander.
457 3473 641 3556 Antigonus
672 3475 779 3536 autern
808 3472 984 3536 Eumenem
1013 3488 1127 3535 mor-4

100 3589 192 3650 tuum
228 3585 418 3670 propinquis
455 3584 521 3648 eius
551 3583 768 3668 sepeliendum
802 3585 943 3648 tradidit.
976 3584 1010 3647 hi
1038 3584 1099 3646 mi·
