2460 4026
139 197 182 261 66
355 246 359 261 .
429 217 496 259 1111.
520 216 673 287 racanas.
700 198 799 262 6-8.

138 390 288 454 commoti
310 391 345 453 in
368 389 552 473 opinionem
577 389 779 454 adducuntur
799 389 950 474 perfugas
969 391 1054 454 mala
1073 391 1135 455 fide

137 503 377 586 compositoque
397 501 523 586 fecisse,
544 506 581 565 ut
600 502 720 585 recepti
744 501 857 565 maiori
877 504 983 566 666666
1003 504 1132 567 calami·

136 614 205 679 tati.
226 614 334 698 itaque
352 613 491 695 primum
512 635 565 677 eos
586 613 783 679 adoriuntur.
804 613 852 677 1111
864 635 953 691 oum,
966 615 1044 697 quid
1056 635 1132 698 age·

134 729 223 788 retur
255 727 311 787 ant
341 746 438 808 quare
468 725 576 802 fieret,
603 725 807 809 ignorarent,
833 726 936 790 coacti
959 730 1037 790 sunt
1060 708 1131 808 66111

134 837 173 900 116
206 858 366 921 pugnare,
399 837 438 900 ad
470 858 550 920 quos
581 837 794 914 transierant,
826 837 866 900 ab
897 837 999 920 iisque
1029 840 1132 913 stare,

133 969 214 1031 quos
246 949 454 1032 reliquerant:
489 949 604 1035 quibus
636 972 708 1014 oum
740 950 847 1013 neutri
870 951 1056 1033 parcerent,
1082 971 1134 1014 ce-

105 1059 240 1126 71611661
268 1064 345 1125 6666
376 1063 501 1127 concisi.
535 1061 673 1145 reliquos
704 1061 827 1125 Pisidas
859 1061 1042 1124 resistentes
1066 1058 1133 1124 Da-

135 1174 236 1236 tames
267 1173 408 1237 invadit:
433 1173 537 1258 primo
560 1174 682 1259 impetu
706 1172 816 1256 pellit,
840 1171 1001 1254 fugientes
1025 1193 1134 1254 perse-

104 1287 259 1368 aquitur,
293 1285 411 1349 multos
443 1285 613 1361 interficit,
646 1288 749 1348 castra
780 1284 920 1347 hostium
949 1282 1047 1366 capit.
1073 1283 1134 1347 6611

130 1396 264 1461 66661116
288 1418 353 1460 666
378 1400 522 1480 tempore
547 1399 579 1459 et
601 1397 781 1479 proditores
804 1395 941 1479 perculit
964 1399 996 1458 et
1020 1393 1132 1459 hostes

130 1508 332 1592 profligavit,
365 1511 414 1585 et,
448 1511 535 1591 quod
566 1510 606 1571 ad
637 1507 809 1592 perniciem
834 1529 924 1570 suam
947 1506 1053 1570 fuerat
1077 1528 1132 1571 co·

129 1622 285 1706 gitatnm,
322 1621 361 1685 ad
397 1621 532 1685 salutem
567 1620 733 1684 convertit.
771 1640 834 1703 quo
871 1639 974 1701 neque
1007 1618 1133 1682 acutius

129 1732 225 1796 ullius
260 1733 460 1817 imperatoris
496 1734 673 1817 cogitatum
710 1753 812 1814 neque
844 1730 975 1794 celerius
1006 1729 1131 1794 facturn

130 1867 265 1929 usquam
289 1844 435 1927 legimus.
1062 1913 1064 1917 ,

108 1957 126 2019 7
178 1955 226 2018 ab
254 1955 316 2019 hoc
339 1958 448 2018 tamen
472 1955 540 2018 viro
564 1955 714 2038 Sysinas,
739 1955 896 2017 maximus
919 1957 999 2018 natu
1023 1955 1131 2034 filius,

129 2065 262 2129 descivit
292 2067 334 2128 ad
356 2086 526 2150 regemque
549 2065 679 2129 transiit
703 2069 736 2129 et
761 2067 798 2129 de
822 2066 1001 2130 defectione
1024 2069 1129 2150 patris

128 2178 251 2242 detulit.
283 2199 346 2262 666
378 2178 494 2242 666616
526 2177 718 2242 Artaxerxes
743 2181 938 2255 commotus,
963 2178 1050 2263 quod
1075 2179 1129 2243 in-

127 2290 295 2373 telligebat
324 2290 385 2353 sibi
418 2312 490 2353 6661
523 2291 592 2354 viro
623 2289 702 2355 forti
735 2311 771 2354 ac
803 2293 932 2354 strenuo
957 2291 1127 2374 negotium

127 2424 211 2485 6666,
241 2401 313 2486 661,
339 2403 371 2464 66
393 2402 480 2484 prius
505 2403 646 2485 cogitare
670 2423 767 2485 quam
792 2401 902 2464 conari
924 2405 1126 2479 consuesset,

126 2516 159 2576 et
182 2536 281 2596 quum
305 2512 476 2595 cogitasset
502 2512 605 2576 facere
626 2516 773 2590 auderet,
792 2512 1071 2596 Autophradatem
1091 2515 1127 2578 in

99 2623 362 2708 aCappadociam
394 2625 505 2688 mittit.
539 2624 591 2700 hio
622 2647 663 2687 ne
693 2625 814 2688 intrare
841 2628 964 2708 posset,
988 2625 1126 2702 saltum,

126 2738 160 2800 in
185 2757 248 2820 qno
273 2734 403 2800 Ciliciae
425 2740 538 2818 portae
563 2738 639 2798 sunt
662 2735 757 2814 sitae,
782 2735 933 2800 Datames
953 2758 1125 2819 praeoccu-

98 2865 201 2933 3pare
234 2847 367 2911 studuit.
402 2849 457 2911 sed
489 2851 556 2911 tam
585 2847 691 2911 subito
716 2849 822 2933 copias
846 2847 1034 2912 contrahere
1058 2869 1125 2911 non

125 2959 242 3045 potnit.
269 2982 287 3022 a
311 2981 374 3042 qua
397 2982 431 3023 re
455 2960 605 3044 depulsus
630 2982 700 3024 cum
726 2983 762 3024 ea
784 2982 899 3042 manu,
926 2982 1022 3043 quam
1045 2980 1124 3023 con-

125 3075 284 3149 traxerat,
309 3072 413 3136 locum
440 3072 558 3155 delegit
582 3072 697 3149 talem,
723 3077 760 3135 nt
778 3094 882 3155 neque
902 3071 1124 3163 circumiretur

126 3186 166 3248 ab
193 3183 338 3247 hostibus
361 3205 463 3267 neque
488 3184 676 3268 praeteriret
700 3183 913 3267 adversarius,
937 3183 1016 3267 quin
1035 3183 1123 3245 anci-

124 3296 246 3379 pitibus
276 3296 354 3360 locis
382 3299 594 3380 premeretur,
621 3299 669 3372 et,
697 3295 723 3357 si
747 3294 896 3358 dimicare
919 3295 1032 3370 vellet,
1056 3314 1124 3356 non

21 3472 25 3479 ,
124 3408 261 3471 1116166111
305 3410 413 3472 obesse
457 3407 630 3472 multitudo
672 3406 812 3470 hostium
857 3428 932 3469 suae
966 3405 1120 3490 paucitati

125 3525 241 3605 posset.

102 3634 121 3697 8
167 3632 256 3696 Haec
296 3633 356 3696 etsi
390 3632 650 3716 Autophradates
687 3632 832 3710 videbat,
869 3635 976 3695 tamen
1011 3632 1122 3694 statim
