2460 4026
483 169 737 214 mnemonico.
765 149 794 211 1.
1070 149 1111 212 55

117 348 227 430 riaqnc
258 344 377 430 forma,
411 348 448 408 ut
477 345 546 428 ipso
568 345 698 428 aspectu
723 343 821 407 cuivis
844 342 988 407 iniiceret
1011 343 1113 406 admi-

58 526 61 531 ,
115 451 274 523 rationem
305 458 371 543 sui,
404 457 458 522 sed
489 455 523 518 in
554 456 662 520 labore
694 455 788 518 nimis
812 454 960 518 remissus
984 465 1142 537 parum-2

115 593 178 654 que
201 569 345 654 patiens,
371 571 408 632 nt
431 567 656 652 Theopompus
680 566 852 630 memoriae
875 564 1035 649 prodidit3
1056 565 1114 628 bo-

116 704 178 746 nus
212 702 287 746 vero
323 680 399 744 civis
435 679 568 762 fideque
593 699 721 762 magna.
758 677 843 760 qnod
875 698 946 740 cum
977 677 1012 740 in
1045 675 1115 740 aliis

115 793 210 856 rebus
246 791 438 868 declaravit,
473 794 544 854 tum
579 790 716 854 maxime
748 788 782 852 in
813 788 976 871 Amyntae
1006 787 1113 852 Mace·

116 905 208 968 donis
239 904 348 968 liberis
378 902 516 966 tuendis.
549 923 687 985 namque
714 899 888 984 Eurydice,
913 903 1015 963 mater
1038 899 1114 963 Per-

116 1016 223 1079 diccae
253 1020 285 1079 et
315 1013 473 1098 Philippi,
507 1035 579 1077 cum
612 1013 661 1078 his
692 1012 816 1077 duobus
840 1011 945 1094 pueris
969 1008 1114 1092 Amynta

40 1130 242 1195 „mortuo
263 1127 303 1190 ad
322 1125 518 1209 Iphicratem
539 1124 687 1209 confugit
705 1125 834 1207 eiusque
854 1122 966 1206 opibus
985 1121 1115 1186 defensa

116 1241 175 1302 est.
211 1238 293 1302 vixit
324 1237 364 1300 ad
394 1238 590 1300 senectutem
621 1237 757 1320 placatis
788 1235 823 1301 in
852 1257 884 1299 se
915 1255 1043 1299 suorum
1069 1237 1142 1300 ci-3

116 1349 205 1413 vium
237 1349 366 1412 animis,
398 1369 525 1412 causam
557 1347 670 1431 capitis
702 1347 798 1411 semel
830 1345 928 1423 dixit,
953 1345 1037 1410 bello
1062 1368 1113 1410 so-

67 1463 74 1470 ”
116 1459 207 1536 ciali,
240 1459 336 1523 simul
367 1481 438 1523 cum
471 1460 658 1537 Timothe0,
684 1481 784 1543 eoque
806 1458 923 1523 iudicio
948 1462 997 1524 est
1020 1460 1113 1525 abso-

116 1571 213 1634 lutus.
247 1570 435 1635 Menesthea
467 1572 569 1635 filium
600 1570 730 1654 reliquit
761 1593 799 1635 ex
824 1570 960 1634 Thressa
983 1572 1143 1651 natum‚l

116 1681 190 1747 Ooti
222 1683 307 1765 regis
337 1682 413 1746 filia.
442 1683 469 1746 is
492 1705 565 1747 cnm
588 1683 857 1766 interrogaretur,
882 1685 990 1745 utrum
1013 1681 1114 1765 pluris

116 1793 242 1874 patrem
273 1798 450 1858 matremne
479 1794 613 1879 faceret,
649 1792 803 1880 ‘matrem’
836 1793 952 1876 inquit.
985 1793 1019 1856 id
1042 1815 1114 1856 cum

33 1933 35 1936 >
115 1902 264 1966 omnibus
293 1906 409 1970 mirum
433 1906 609 1989 videretur,
635 1905 747 1970 atille
772 1905 906 1992 ‘merito’
931 1905 1036 1989 inquit
1060 1904 1113 1990 ,id

115 2013 215 2078 facio:
250 2038 326 2080 nam
351 2020 459 2102 pater,
484 2020 640 2101 quantum
664 2018 698 2080 in
722 2040 755 2082 se
779 2018 858 2096 fuit,
883 2017 1039 2081 Thracem
1063 2038 1113 2080 me

116 2127 246 2210 genuit,
272 2133 383 2193 contra
406 2151 443 2193 ea
466 2136 568 2195 mater
591 2128 845 2195 Atheniensem’

453 2513 539 2586 XII.
565 2511 815 2586 OHABRIAS.

160 2691 313 2757 Chabrias
341 2691 557 2757 Atheniensis.
593 2694 645 2758 hic
676 2715 802 2777 quoque
833 2694 868 2757 in
895 2694 1026 2759 summis
1049 2692 1138 2755 ha-l

112 2804 199 2869 bitus
242 2805 290 2867 est
332 2794 481 2868 ducibus
507 2826 620 2887 resque
655 2805 771 2869 multas
805 2807 958 2870 memoria
995 2806 1109 2890 dignas

113 2916 220 3000 gessit.
254 2918 308 2979 sed
339 2937 376 2979 ex
407 2915 446 2978 iis
477 2916 581 2980 elucet
613 2916 750 2979 maxime
780 2916 946 2980 inventum
979 2918 1046 2980 cius
1075 2916 1111 2979 in

112 3027 251 3111 proelio,
285 3027 369 3111 quod
402 3030 487 3112 apud
517 3028 643 3091 Thebas
668 3028 761 3111 iecit,
787 3049 855 3093 oum
882 3027 1011 3092 Boeotis
1034 3026 1109 3091 sub-

113 3138 192 3202 sidio
224 3138 372 3204 venisset.
406 3161 544 3224 namque
566 3140 602 3203 in
626 3161 663 3204 eo
687 3139 821 3204 victoria
844 3139 963 3203 fidente
985 3153 1138 3203 summ02

112 3251 190 3314 duce
222 3249 390 3334 Agesilao,
415 3250 537 3334 fugatis
561 3251 626 3315 iam
650 3250 690 3314 ab
715 3271 752 3314 co
777 3249 982 3314 conducticiis
1006 3254 1108 3315 cater-

112 3361 177 3438 vis,
211 3361 367 3445 reliquam
401 3360 595 3447 phalangem
619 3362 689 3426 loco
714 3362 815 3426 vetuit
839 3364 948 3425 cedere
972 3362 1108 3429 obnixo·

112 3493 173 3556 qne
207 3493 294 3557 genu
329 3476 437 3550 scuto,
474 3474 616 3556 proiecta
650 3473 744 3537 hasta
777 3473 934 3556 impetum
966 3475 1109 3558 excipere

112 3583 263 3649 hostium.
296 3584 329 3648 id
361 3605 480 3649 novum
512 3583 680 3669 Agesilaus
711 3585 842 3649 intuens
870 3586 1019 3669 progredi
1042 3606 1109 3650 non
