2460 4026
420 204 493 247 xrrr.
518 203 707 250 rruornaus.
734 185 763 248 2.
790 185 821 248 3.
1051 185 1093 250 59
1191 220 1195 225 -

98 374 172 439 theo
205 375 332 458 publice
362 379 501 440 statuam
533 377 568 439 in
599 376 668 440 foro
702 383 886 461 posuerunt.
911 380 967 462 qui
991 380 1094 445 honos

97 485 172 550 huic
213 487 270 550 uni
312 489 352 550 ad
394 487 427 551 id
469 491 596 571 tempus
632 488 787 572 contigit,
821 492 876 566 ut,
913 511 985 553 cum
1008 493 1094 574 patri

96 599 236 682 populus
270 601 410 663 statuam
447 600 620 682 posuisset,
657 599 723 663 filio
759 621 885 684 quoque
916 603 1015 665 daret.
1048 604 1094 667 sic

95 711 190 776 iuxta
213 711 318 794 posita
341 731 450 774 recens
472 710 531 773 filii
555 714 692 776 veterem
716 712 817 794 patris
841 713 1006 777 renovavit
1026 736 1092 778 me-

96 822 242 886 moriam.

140 933 205 999 Hic
236 955 308 997 cum
340 938 422 998 esset
452 955 571 1018 magno
596 938 675 998 natu
700 937 733 999 61
756 935 963 1019 magistratus
987 937 1124 1020 gereress

95 1045 239 1130 desisset,
264 1045 347 1110 bello
367 1045 579 1111 Athenienses
599 1046 741 1131 undique
759 1047 862 1130 premi
881 1050 957 1111 sunt
976 1046 1091 1129 coepti.

94 1138 252 1221 defecerat
282 1154 421 1235 Samus,¹
445 1159 598 1222 descierat
630 1157 878 1242 Hellespontus,
903 1157 1088 1241 Philippus,

93 1268 159 1332 iarn
194 1270 264 1331 tum
299 1268 427 1346 valens,
464 1270 566 1333 multa
601 1270 809 1334 moliebatur:
847 1271 898 1334 cui
927 1271 1092 1355 oppositus

94 1378 213 1445 Chares
243 1401 316 1444 cum
347 1383 445 1458 esset,
471 1402 537 1444 non
561 1381 639 1446 satis
662 1383 697 1445 in
723 1404 760 1446 eo
783 1383 934 1466 praesidii
956 1382 1092 1466 putaba-

95 1495 158 1556 tur.
190 1492 228 1555 lit
258 1491 463 1556 Menestheus
494 1496 641 1577 praetor,
674 1493 760 1558 filius
783 1494 972 1578 Iphicratis,
996 1509 1121 1578 genera

94 1602 273 1680 Timothei,
297 1605 345 1678 et,
371 1608 407 1667 ut
430 1604 470 1668 ad
494 1605 614 1668 bellum
637 1604 875 1689 proficiscatur,
901 1606 1091 1670 decernitur.

94 1714 169 1778 huic
198 1715 234 1777 in
265 1715 434 1779 consilium
466 1718 585 1780 dantur
616 1717 675 1780 viri
700 1719 762 1781 duo
787 1739 846 1780 usu
873 1717 1092 1801 sapientiaque

93 1829 307 1911 praestantes,
338 1830 430 1910 pater
460 1829 493 1890 et
523 1848 627 1909 socer,
660 1829 745 1910 quod
777 1827 811 1890 in
836 1827 885 1890 his
909 1830 1001 1890 tanta
1024 1828 1093 1891 erat

96 1938 287 2016 auctoritas,
311 1941 349 2002 ut
373 1958 492 2022 magna
517 1961 587 2023 spes
611 1941 694 2003 esset
716 1961 773 2022 per
793 1961 846 2003 eos
866 1939 982 2003 amissa
1001 1959 1094 2023 posse

32 2054 38 2071 ¹
93 2049 282 2133 recuperari.
313 2049 337 2112 ii
367 2071 439 2113 oum
469 2049 599 2114 Samum
631 2049 767 2133 profecti
796 2053 903 2114 essent
927 2052 959 2112 et
983 2051 1122 2114 eodemc

95 2161 214 2226 (thares
237 2162 366 2227 illorum
389 2162 530 2225 adventu
554 2162 684 2245 cognito
710 2182 782 2225 cum
806 2160 871 2224 suis
895 2160 993 2244 copiis
1016 2181 1092 2243 pro-

94 2273 303 2351 ficisceretur,
339 2295 379 2336 ne
415 2272 491 2357 quid
527 2272 657 2337 absente
692 2294 725 2336 se
756 2274 883 2356 gestum
914 2272 1091 2350 videretur,
1211 2278 1216 2287 ’

94 2382 229 2467 accidit,
254 2405 326 2448 cum
351 2387 391 2448 ad
415 2384 553 2448 insulam
577 2384 889 2468 appropinquarent,
914 2386 950 2447 ut
974 2403 1093 2467 magna

93 2499 266 2580 tempestas
294 2500 454 2562 oreretur:
489 2486 585 2581 quam
617 2497 735 2561 evitare
759 2496 822 2559 duo
845 2497 966 2560 veteres
989 2495 1091 2578 impe-

93 2611 216 2672 ratores
251 2608 328 2672 utile
363 2608 511 2672 arbitrati
545 2630 636 2672 suam
672 2608 803 2671 classem
838 2611 1091 2692 suppresserunt.

94 2722 127 2783 at
148 2718 204 2782 ille
224 2720 390 2784 temeraria
410 2742 484 2783 usus
504 2720 628 2783 ratione
647 2741 714 2783 non
735 2719 829 2783 cessit
842 2720 999 2783 maiorum
1011 2724 1119 2784 natue

93 2830 294 2908 auctoritati,
331 2830 418 2895 velut
452 2831 487 2893 in
522 2852 579 2893 sua
613 2852 712 2893 manu
743 2832 824 2894 esset
855 2829 996 2894 fortuna.
1028 2852 1090 2915 quo

94 2945 320 3021 contenderat,
351 2943 515 3027 pervenit,
542 2941 714 3026 eodemque
738 2945 776 3005 ut
799 2945 1023 3026 sequerentur,
1049 2943 1090 3005 ad

94 3053 299 3119 Timotheum
331 3057 364 3120 et
393 3055 587 3139 iphicratem
612 3054 762 3118 nuntium
787 3054 884 3119 misit.
909 3054 985 3119 hinc
1008 3054 1091 3118 male

93 3187 128 3230 16
159 3172 264 3251 gesta,
290 3168 508 3252 compluribus
531 3166 654 3230 amissis
676 3165 811 3230 navibus
835 3187 889 3244 eo,
914 3166 999 3230 unde
1022 3169 1091 3229 erat

94 3278 272 3363 profectus,
295 3301 328 3343 se
347 3280 466 3365 recepit
485 3279 670 3361 litterasque
689 3276 835 3341 Athenas
847 3277 974 3361 publice
986 3278 1091 3359 misit,

95 3389 155 3455 sibi
185 3391 327 3474 proclive
357 3390 454 3455 fuisse
485 3390 615 3455 Samum
640 3410 770 3473 capere,
796 3388 858 3451 nisi
880 3410 906 3458 a,
922 3389 1090 3454 Timotheo
1212 3464 1214 3469 Α

95 3504 127 3565 61
161 3501 323 3585 Iphicrate
358 3503 500 3567 desertus
535 3503 626 3567 esset.
655 3501 792 3585 populus
825 3521 911 3578 acer,
945 3503 1120 3586 suspicaxt

96 3612 137 3678 ob
168 3636 300 3697 eamque
323 3636 391 3679 rem
415 3613 558 3691 mobilis,
584 3612 799 3689 adversarius,
824 3612 968 3691 inriduS,
995 3614 1091 3677 etiam
