2460 4026
152 211 194 272 62
442 227 509 270 mv.
535 225 688 270 caranus.
716 208 747 269 2.
773 207 803 269 3.

149 401 233 464 bello
258 422 277 464 a
297 399 444 464 Patroclo
467 398 671 462 interfectum
696 398 751 462 ait.
772 399 799 462 is
817 399 887 483 regi
907 400 992 463 dicto
1015 400 1151 465 audiens

123 530 136 573 a
149 533 215 576 non
259 515 336 576 erat.
382 532 477 595 quam
522 510 563 573 ob
608 531 735 574 causam
778 510 862 574 bello
898 532 970 574 eum
1001 512 1153 595 persequi

149 624 317 689 constituit
348 623 439 707 eique
470 621 515 685 rei
546 621 698 705 praefecit
720 621 906 699 Datamem,
930 621 1152 705 propinquum

149 734 384 820 Paphlagonis:
417 755 555 818 namque
584 755 623 797 ex
644 732 743 797 tratre
766 736 799 797 et
821 755 927 797 sorore
951 735 1045 796 eraut
1068 733 1152 796 nati.

149 868 247 930 quam
281 846 323 909 ob
359 867 486 909 causam
519 844 671 908 Datames
706 845 845 929 primum
880 845 1016 929 experiri
1046 845 1155 909 voluit

151 957 219 1021 sine
261 956 356 1021 armis
399 956 615 1041 propinquum
657 957 698 1019 ad
734 956 871 1021 officium
913 958 1073 1020 reducere.
1111 957 1154 1020 ad

149 1089 244 1153 quem
279 1090 351 1132 cum
385 1067 525 1131 venisset
555 1067 623 1131 sine
654 1068 829 1151 praesidio,
854 1070 940 1151 quod
971 1068 1011 1131 ab
1045 1067 1153 1132 amico

151 1180 255 1245 nullas
286 1183 447 1244 vereretur
470 1178 621 1255 iusidias,
644 1200 746 1260 paene
768 1178 909 1243 interiit:
936 1201 1013 1243 nam
1037 1177 1153 1262 Thuys

120 1310 222 1355 teum
243 1291 324 1355 clam
348 1290 526 1355 interficere
550 1288 662 1353 voluit.
687 1291 755 1352 erat
778 1291 880 1352 mater
903 1311 975 1353 cum
999 1289 1149 1371 Datame,

150 1403 249 1466 amita
271 1400 498 1485 Paphlagonis.
525 1421 579 1477 ea,
608 1399 694 1487 quid,
710 1403 874 1484 ageretur,
898 1401 1006 1465 resciit
1028 1400 1152 1465 filium-

122 1534 210 1598 aque
242 1513 377 1576 monuit.
406 1512 460 1576 ille
490 1512 568 1596 fuga
598 1512 774 1597 periculum
807 1512 938 1577 evitavit
966 1512 1152 1597 bellumque

149 1625 267 1691 indixit
297 1623 437 1708 Thuyni.
470 1623 504 1687 iu
536 1645 600 1707 quo
634 1645 707 1688 cum
734 1623 774 1686 ab
798 1622 1031 1700 Ariobarzane,
1056 1645 1152 1707 prae-

150 1738 233 1803 fecto
265 1736 385 1821 Lydiae
416 1739 449 1800 et
478 1735 589 1799 Ioniae
619 1735 781 1819 totiusque
804 1734 979 1818 Phrygiae,
1006 1735 1151 1801 desertus

150 1851 249 1925 esset,
294 1847 396 1910 nihilo
439 1845 541 1910 secius
576 1844 791 1929 perseveravit
825 1844 996 1929 rivumque
1030 1846 1149 1929 Thuyn

149 1960 234 2044 cepit
256 1981 329 2023 cum
353 1978 451 2021 uxore
475 1963 506 2021 et
530 1956 649 2020 liberis.

128 2073 147 2135 3
194 2068 291 2136 Cuius
323 2068 401 2133 facti
431 2090 473 2133 ne
503 2067 592 2152 prius
624 2067 710 2130 fama
742 2067 782 2130 ad
812 2087 920 2151 rogem
953 2089 1050 2152 quam
1080 2068 1150 2153 ipse

150 2182 347 2267 perveniret,
376 2181 465 2245 dedit
488 2202 626 2266 operam.
652 2181 761 2264 itaque
786 2179 935 2244 omnibus
958 2177 1067 2243 insciis
1091 2201 1145 2258 eo,

149 2292 206 2356 ubi
236 2298 304 2357 erat
326 2315 399 2371 rex,
424 2293 514 2358 venit
536 2297 727 2378 posteroque
751 2293 801 2356 die
825 2291 959 2376 Thuyn,
983 2289 1148 2356 homiuem

150 2404 280 2467 maximi
311 2403 451 2488 corporis
482 2404 681 2488 terribilique
713 2402 811 2480 facie,
836 2405 922 2487 quod
945 2406 978 2467 et
999 2403 1093 2488 niger
1116 2406 1149 2468 et

150 2518 265 2600 capillo
297 2519 396 2600 longo
428 2516 590 2598 barbaque
621 2519 689 2579 erat
718 2514 890 2599 promissa,
916 2514 1038 2597 optima
1061 2519 1149 2580 veste

149 2627 248 2704 texit,
281 2649 377 2712 quam
409 2631 555 2712 satrapae
579 2626 660 2710 regii
683 2647 792 2710 gerere
816 2629 1024 2703 consuerant,
1051 2648 1147 2691 orna·

150 2737 197 2802 vit
240 2737 337 2802 etiam
381 2741 494 2822 torque
540 2741 637 2822 atque
673 2737 806 2802 armillis
842 2738 945 2802 aureis
980 2740 1148 2822 ceteroque

121 2850 236 2934 aregio
261 2851 368 2915 cultu:
392 2851 459 2934 ipse
484 2851 603 2936 agresti
627 2850 747 2935 duplici
771 2850 906 2914 amiculo
932 2849 1147 2913 circumdatus

150 2961 298 3046 hirtaque
321 2962 451 3040 tunica,
474 2983 588 3047 gerens
608 2962 767 3046 incapite
787 2961 911 3045 galeam
931 2959 1147 3032 venatoriam,

151 3077 262 3139 dextra
303 3095 402 3139 mauu
445 3075 586 3153 clavam,
629 3074 761 3139 sinistra
801 3073 966 3156 copulam,
1004 3071 1148 3136 vinctum

151 3189 224 3248 ante
248 3207 281 3249 se
299 3185 622 3270 Thuynemagebat,
645 3187 682 3249 ut
701 3185 728 3250 si
746 3184 847 3249 feram
865 3183 1001 3248 bestiam
1021 3185 1149 3267 captam

122 3297 288 3364 educeret.
321 3321 416 3384 quem
448 3321 519 3363 cum
551 3319 662 3363 omues
691 3297 911 3382 conspicerent
933 3298 1065 3381 propter
1087 3314 1147 3358 no·

151 3407 283 3472 ritatem
315 3414 447 3475 ornatus
470 3410 678 3496 ignotamque
700 3409 837 3474 formam
861 3409 903 3474 ob
926 3429 1058 3493 eamque
1079 3427 1147 3470 rem

152 3541 288 3604 magnus
319 3526 401 3587 esset
431 3544 620 3600 concursus,
654 3521 718 3585 fuit
748 3541 928 3600 nonnemo,
962 3520 1017 3605 qui
1045 3540 1147 3605 agno·

123 3635 252 3697 asceret
282 3634 399 3720 Thuyn
428 3634 559 3720 regique
590 3633 763 3699 nuntiaret.
789 3633 893 3719 primo
916 3653 984 3696 non
1008 3631 1148 3697 accredi-
