2460 4026
368 237 369 240 ¹
396 225 434 271 11.
468 222 709 268 rnnnrsroems.
748 203 800 266 10.
1053 202 1094 266 17

148 400 255 465 Huius
277 420 334 462 rex
357 397 457 461 animi
477 396 733 481 magnitudinem
757 396 917 460 admirans
936 396 1083 480 cupiens·
1098 395 1139 458 10

98 535 165 598 que
199 512 297 575 talem
328 508 432 573 virum
462 508 524 572 sibi
556 509 719 573 conciliari
748 508 875 573 veniam
908 508 1005 571 dedit.
1040 507 1096 571 ille
1201 580 1204 589 ¹

97 646 199 691 omne
217 622 298 686 illud
318 624 445 705 tempus
465 620 581 684 litteris
598 620 798 703 sermonique
809 620 978 684 Persarum
990 619 1097 684 dedit:
1207 638 1210 646 ·

102 736 220 822 quibus
243 734 321 799 adeo
345 731 488 796 eruditus
511 736 577 809 est,
601 735 639 796 ut
662 731 764 795 multo
790 732 985 796 commodius
1008 731 1095 795 dica·
1171 809 1172 812 Ἴ

103 852 157 913 tur
187 846 272 931 apud
294 865 403 928 regem
426 842 523 907 verba
545 842 656 907 fecisse
679 864 775 927 quam
800 842 824 905 ii
847 844 1015 926 poterant,
1039 842 1095 926 qui

101 961 138 1024 in
172 957 301 1023 Perside
332 960 426 1022 erant
459 956 539 1020 nati.
586 955 639 1019 hic
663 978 743 1043 eum
775 953 877 1017 multa
910 955 979 1039 regi
1014 957 1123 1019 esseta

99 1072 264 1157 pollicitus
296 1071 576 1155 gratissimumque
606 1068 704 1145 illud,
737 1067 764 1131 si
794 1067 858 1131 suis
881 1067 930 1130 uti
953 1067 1094 1132 consiliis

100 1184 216 1262 uellet,
252 1184 341 1247 illum
377 1181 543 1247 Graeciam
578 1180 662 1244 bello
694 1201 936 1263 oppressurum,
967 1179 1094 1263 magnis

102 1296 289 1360 muneribus
324 1294 365 1358 ab
399 1293 578 1359 Artaxerxe
612 1294 749 1356 donatus
785 1292 820 1354 in
852 1278 965 1355 Asiam
1000 1289 1123 1354 rediits

100 1406 361 1490 domiciliumque
406 1404 588 1489 Magnesiae
624 1404 684 1469 sibi
731 1404 909 1470 constituit.
958 1426 1096 1490 namque

103 1521 187 1583 hanc
226 1518 338 1583 urbem
380 1518 407 1581 ei
442 1538 498 1581 rex
538 1519 692 1592 donarat,
724 1515 774 1580 his
809 1516 938 1600 quidem
972 1516 1094 1595 verbis,

100 1651 185 1715 quae
215 1629 243 1692 ei
274 1651 390 1713 panem
422 1628 587 1712 praeberet
622 1628 674 1712 (ex
702 1649 765 1710 qua
787 1627 917 1710 regione
940 1627 1095 1728 quinqua·

99 1762 188 1826 gena
206 1740 329 1805 talenta
347 1739 519 1824 quotannis
538 1739 715 1825 redibant),
735 1738 947 1822 Lampsacum
971 1744 1094 1817 autem,

103 1851 188 1916 unde
230 1850 342 1914 vinum
378 1854 534 1929 sumeret,
570 1850 724 1936 Myunta,
761 1872 800 1915 ex
830 1872 893 1934 qua
925 1850 1094 1917 obsonium

100 1963 245 2028 haberet.

148 2073 253 2138 Huius
299 2076 340 2138 ad
370 2078 515 2139 nostram
545 2074 730 2139 memoriam
762 2078 968 2139 monumenta
1002 2098 1094 2139 man-

103 2189 216 2251 serunt
246 2187 326 2251 duo:
352 2187 556 2272 sepulchrum
582 2208 681 2271 prope
704 2186 877 2270 oppidum,
901 2187 936 2249 in
960 2206 1023 2271 quo
1048 2190 1096 2252 est

99 2298 266 2382 sepultus,
294 2302 400 2364 statua
429 2300 464 2362 in
491 2299 560 2362 foro
585 2297 776 2382 Magnesiae.
813 2301 851 2361 de
881 2298 969 2362 cuius
992 2302 1124 2362 mortes

101 2409 215 2474 multis
247 2411 348 2475 modis
379 2412 464 2494 apud
495 2410 662 2494 plerosque
690 2410 933 2494 scriptumest,
958 2411 1101 2474 sednos-

100 2521 240 2586 eundem
260 2521 460 2605 potissimum
480 2522 699 2606 Thucydidem
719 2523 879 2586 auctorem
903 2522 1092 2607 probamus,

100 2633 159 2718 qui
189 2632 281 2697 illum
307 2633 353 2697 ait
379 2633 564 2718 Magnesiae
591 2633 702 2697 morbo
726 2636 888 2697 mortuum
911 2654 1013 2718 neque
1038 2656 1093 2698 ne-

102 2746 162 2829 gat
201 2743 298 2809 fuisse
337 2744 473 2822 famam,
509 2767 667 2810 venenum
703 2767 760 2809 sua
790 2747 903 2830 sponte
926 2745 1092 2822 sumsisse,

100 2877 176 2920 cum
208 2877 258 2939 se,
283 2877 363 2939 quae
390 2856 459 2941 regi
483 2858 522 2920 de
547 2855 679 2930 Graecia
702 2856 911 2941 opprimenda
933 2856 1094 2940 pollicitus

52 3027 55 3034 .
103 2962 203 3043 esset,
236 2970 397 3051 praestare
438 2989 529 3051 posse
564 2968 753 3052 desperaret.
801 2967 885 3032 idem
921 2989 992 3032 ossa
1026 2968 1120 3032 eius5

105 3076 187 3141 elam
220 3076 255 3140 in
286 3078 397 3142 Attica
430 3079 472 3143 ab
495 3079 604 3144 amicis
628 3080 768 3163 sepulta,
793 3079 946 3164 quoniam
968 3078 1093 3163 legibus

105 3207 170 3251 non
202 3189 442 3288 concederetur,
474 3192 559 3275 quod
583 3190 774 3275 proditionis
798 3195 879 3255 esset
903 3192 1093 3273 damnatus,

53 3335 56 3339 <
104 3299 276 3365 memoriae
298 3300 448 3384 prodidit.
