2460 4026
124 231 172 312 ι82
420 265 502 309 xmr.
528 263 710 310 neusrunus.
738 245 767 308 1.
793 245 824 312 2.

392 479 509 554 XVII.
533 479 813 555 AGLSILAUS.

107 665 124 728 1
171 660 341 746 Agesilaus
374 659 643 724 Lacedaemonius
677 681 749 724 cum
785 681 804 723 a
838 659 950 725 ceteris
980 661 1113 747 scripto-

125 773 233 851 ribus,
267 775 337 837 tum
372 771 485 835 eximie
517 792 537 834 a
569 770 785 854 Xenophonte
809 769 970 838 Socratico
995 775 1111 839 collau·

98 888 218 948 adatus
249 886 314 949 est:
346 905 382 948 eo
406 883 490 948 enim
521 905 597 948 usus
620 887 668 946 est
693 883 949 949 familiarissime.
974 884 1029 951 hic
1053 886 1113 972 pri·

126 1018 215 1061 mum
240 996 279 1060 de
301 1016 403 1080 regno
427 1016 499 1059 cum
522 994 736 1079 Leotychide,
761 993 870 1059 fratris
894 995 981 1072 filio,
1006 997 1115 1063 habuit
1155 984 1158 1003 ¹

127 1108 376 1175 contentionem.
401 1128 469 1171 mos
493 1108 563 1170 erat
585 1105 672 1169 enim
694 1105 954 1170 Lacedaemoniis
978 1129 998 1171 a
1020 1109 1115 1172 maio·
1154 1134 1158 1139 ·

125 1221 213 1286 ribus
247 1219 402 1297 traditae,
436 1221 473 1281 ut
496 1218 575 1281 duos
598 1217 754 1281 haberent
778 1237 902 1301 semper
925 1239 1038 1304 reges,
1061 1240 1116 1285 no·

126 1331 213 1396 mine
238 1329 340 1413 magis
359 1351 455 1412 quam
475 1328 626 1412 imperio,
648 1349 688 1393 ex
710 1328 833 1392 duabus
852 1327 984 1395 familiis
998 1331 1116 1397 Proclis

126 1444 159 1506 et
191 1439 422 1524 Eurysthenis,
458 1438 514 1523 qui
538 1439 698 1523 principes
731 1460 770 1503 ex
794 1441 948 1523 progenie
971 1441 1117 1508 Herculis

98 1551 259 1637 sSpartae
295 1571 384 1634 reges
418 1551 560 1615 fuerunt.
593 1549 709 1615 horum
742 1572 780 1614 ex
805 1549 907 1614 altera
927 1551 964 1616 in
988 1554 1116 1619 alterius

125 1663 266 1728 familiae
300 1663 406 1727 locum
440 1662 509 1726 fieri
540 1683 607 1726 non
637 1661 774 1726 licebat:
798 1661 845 1725 ita
868 1665 1007 1747 utraque
1030 1686 1118 1730 snum

124 1775 285 1841 retinebat
331 1775 486 1839 ordinem.
530 1773 670 1858 primum
714 1773 797 1837 ratio
832 1771 1033 1855 habebatur,
1067 1775 1120 1861 qu'i

127 1887 284 1950 maximus
315 1886 386 1949 nati
417 1889 499 1949 esset
521 1907 560 1950 ex
581 1884 690 1949 liberis
710 1885 797 1963 eius,
822 1885 878 1969 qui
901 1901 1043 1970 regnans
1066 1889 1119 1952 de·

128 1997 272 2064 cessiset:
317 1996 366 2060 sin
404 1996 432 2060 is
466 1995 558 2060 virile
593 2016 682 2060 secus
716 2018 784 2060 non
819 1997 1017 2081 reliquisset,
1051 2000 1120 2063 turn

99 2109 343 2195 edeligebatur,
380 2107 435 2193 qui
470 2106 633 2192 proximus
657 2110 739 2172 esset
760 2109 1012 2193 propinquitate.
1036 2132 1119 2176 mor-

128 2225 201 2287 tuus
222 2222 292 2285 erat
313 2217 395 2304 Agis
418 2239 490 2304 rex,
516 2219 615 2285 frater
637 2217 799 2304 Agesilai:
823 2218 925 2283 filium
949 2221 1120 2306 reliquerat

126 2330 365 2416 Leotychidem.
402 2351 496 2413 quem
531 2332 586 2395 ille
620 2335 733 2394 natum
764 2352 832 2395 non
861 2336 1017 2415 agnorat,
1042 2355 1118 2399 eun·

129 2447 201 2508 dem
235 2441 373 2508 moriens
406 2461 498 2504 suum
522 2463 588 2506 esse
615 2441 747 2508 dixerat.
771 2442 799 2507 is
822 2443 861 2505 de
883 2442 1007 2506 honore
1030 2442 1121 2528 regni

129 2577 201 2619 cum
219 2553 388 2638 Agesilao,
410 2556 526 2638 patruo
546 2574 623 2632 suc,
644 2554 828 2632 contendit,
848 2575 952 2638 neque
971 2553 1120 2641 id,quod

102 2665 239 2750 spetiit,
277 2666 465 2729 consecutus
499 2667 557 2728 est.
591 2686 668 2728 nam
704 2665 869 2750 Lysandro
905 2666 1119 2752 suffragante,

129 2775 277 2852 homine,
304 2777 343 2839 ut
364 2775 561 2840 ostendimus
584 2799 695 2862 supra,
720 2777 856 2842 factioso
878 2779 912 2840 et
932 2777 972 2841 iis
995 2781 1120 2865 tempo·

127 2888 216 2952 ribus
237 2888 387 2972 potente,
410 2886 579 2972 Agesilaus
602 2889 761 2953 antelatus
785 2891 843 2953 est.

107 2999 127 3063 2
172 2998 235 3064 Hic
259 2998 472 3084 simulatque
496 2998 621 3084 imperii
643 2999 767 3084 potitus
791 3001 858 3076 est,
880 2999 1041 3082 persuasit
1059 2999 1120 3065 Ia·

128 3110 339 3176 cedaemoniis
372 3113 410 3174 ut
443 3110 617 3175 exercitum
652 3111 818 3174 mitterent
851 3110 887 3174 in
917 3108 1032 3177 Asiam
1053 3111 1120 3177 hcl-

127 3223 258 3308 lumque
300 3223 370 3308 regi
404 3222 563 3300 facerent,
598 3222 715 3314 docens
745 3221 843 3286 satius
872 3242 939 3286 esse
973 3223 1009 3286 in
1043 3221 1122 3288 Asia

128 3354 224 3418 quam
266 3334 301 3400 in
343 3332 475 3418 Europa
516 3333 671 3398 dimicari.
705 3355 844 3417 namque
877 3333 965 3397 fama
1000 3334 1122 3400 exierat

127 3442 337 3510 Artaxerxem
362 3466 546 3530 comparare
566 3445 680 3510 classes
701 3447 926 3542 pedestresque
946 3446 1122 3524 exercitus,

99 3572 206 3642 equos
244 3556 280 3620 in
321 3553 487 3621 Graeciam
528 3556 680 3622 mitteret.
724 3559 800 3621 data
834 3558 993 3642 potestate
1028 3559 1121 3623 tanta

119 3667 287 3732 celeritate
323 3689 398 3734 usus
433 3670 501 3750 est,
532 3671 571 3735 ut
599 3669 688 3756 prius
714 3671 751 3734 in
779 3668 890 3734 Asiam
923 3690 996 3733 cum
1021 3668 1121 3755 copiis
