2460 4026
450 199 516 241 111.
542 198 695 241 asuerus.
721 179 752 242 3.
777 177 807 240 4.
1061 179 1104 242 63

108 376 171 440 dit:
210 375 318 456 itaque
352 369 597 435 Pharnabazum
630 369 718 434 misit
748 370 959 454 exploratum.
993 394 1012 435 1
1043 392 1105 456 quo

108 492 144 553 ut
164 508 232 551 rem
251 487 374 569 gestam
395 483 569 567 comperit,
591 483 699 546 statim
719 482 846 547 admitti
862 483 972 562 iussit,
987 504 1106 568 magno
1216 486 1219 492 '

107 620 202 683 opere
233 596 407 661 delectatus
441 616 514 658 cum
546 594 631 658 facto
663 598 732 658 tum
765 601 900 672 ornatu,
933 596 968 660 in
994 595 1105 680 primis

106 712 194 794 quod
225 707 342 772 nobilis
372 729 427 771 rex
457 708 492 770 in
523 709 715 790 potestatem
747 707 929 791 inopinanti
960 709 1099 772 venerat.

104 823 214 905 itaque
256 818 425 902 magnifice
460 818 630 882 Datamem
666 819 819 882 donatum
855 821 895 883 ad
931 822 1131 886 exereitume

105 933 211 1008 misit,
247 931 302 1014 qui
337 933 406 994 tum
442 930 691 994 contrahebatur
724 933 802 994 duce
833 931 1041 998 Pharnabazo
1074 940 1106 998 et

104 1044 291 1109 Tithrauste
315 1045 356 1107 ad
379 1043 498 1106 bellum
522 1041 736 1126 Aegyptium,
762 1043 894 1126 parique
917 1065 989 1107 eum
1010 1048 1105 1129 atque

104 1157 176 1220 illos
206 1155 340 1239 imperio
375 1176 441 1219 esse
472 1155 573 1218 iussit.
606 1157 717 1238 postea
740 1175 814 1218 vero
838 1177 934 1238 quam
958 1155 1106 1220 Pharna·

103 1268 219 1331 bazum
249 1289 306 1330 rex
327 1266 506 1343 revocavit,
530 1265 580 1329 illi
604 1287 728 1329 summa
751 1266 878 1349 imperii
901 1267 1021 1331 tradita
1046 1272 1103 1332 est.

150 1378 213 1442 Hic
256 1401 328 1442 cum
371 1378 510 1442 maximo
554 1377 660 1442 studio
696 1382 894 1462 compararet
930 1380 1134 1444 exercitum4

102 1491 351 1576 Aegyptumque
371 1490 529 1574 proficisci
548 1493 694 1573 pararet,
717 1490 824 1554 subito
844 1513 863 1554 a
884 1511 959 1575 rege
979 1491 1105 1556 litterae

103 1605 182 1668 sunt
212 1601 240 1666 ei
270 1603 401 1680 missae,
435 1603 471 1665 ut
498 1600 612 1685 Aspim
636 1601 879 1684 aggrederetur,
908 1600 1104 1686 1111111111-

102 1716 192 1780 niam
222 1715 372 1779 tenebat:
403 1735 483 1796 quae
513 1733 592 1797 gens
614 1712 698 1776 iacet
721 1734 816 1796 supra
839 1711 1002 1791 Ciliciam,
1028 1736 1104 1778 con-

101 1827 177 1891 finis
212 1824 440 1910 Cappadociae.
478 1847 616 1908 namque
646 1823 761 1908 Aspis,
794 1825 967 1889 saltuosam
998 1825 1133 1910 regio-a

102 1960 177 2003 nem
209 1936 409 2020 castellisque
439 1937 598 2001 munitam
629 1936 790 2014 incolens,
824 1957 891 2000 non
914 1937 1019 2001 solum
1042 1937 1103 2000 im-

101 2049 191 2135 perio
214 2047 298 2132 regis
322 2069 389 2113 non
412 2049 562 2132 parebat,
587 2048 641 2112 sed
666 2048 762 2111 etiam
786 2047 937 2112 finitimas
956 2049 1103 2132 regiones
1130 2113 1133 2117 ,

102 2160 239 2226 vexabat
274 2162 307 2224 et
337 2182 418 2244 quae
448 2160 517 2244 regi
547 2162 754 2243 portarentur
787 2158 973 2241 abripiebat.
999 2157 1131 2221 Data-3

101 2293 187 2353 mes,
211 2271 271 2335 etsi
293 2271 390 2356 longe
414 2270 525 2336 aberat
547 2271 588 2334 ab
612 2270 662 2334 his
684 2270 870 2354 regionibus
892 2272 925 2333 et
944 2292 963 2333 a
984 2269 1103 2333 maiore

101 2406 136 2449 re
167 2382 430 2460 abstrahebatur,
463 2386 571 2446 tamen
604 2382 689 2466 regis
713 2381 876 2446 voluntati
900 2403 1020 2446 morem
1045 2402 1100 2465 ge·

101 2496 237 2560 rendum
273 2495 410 2578 putavit.
441 2494 549 2577 itaque
580 2492 664 2563 cumi
683 2493 809 2577 paucis,
843 2495 898 2556 sed
928 2492 1004 2558 11111
1035 2492 1102 2578 lor-

101 2607 189 2672 tibus
222 2627 337 2670 navem
372 2605 574 2688 conscendit,
610 2605 815 2682 existimans,
848 2603 934 2688 quod
967 2604 1100 2682 accidit,

100 2718 228 2783 facilius
268 2739 301 2782 se
334 2717 571 2801 imprudentem
606 2738 706 2800 parva
740 2739 839 2780 manu
875 2737 1100 2800 oppressurum

100 2852 197 2914 quam
231 2831 379 2914 paratum
416 2827 561 2912 quamvis
591 2848 709 2915 magno
743 2828 889 2892 exercitu.
920 2827 981 2892 hac
1014 2829 1129 2893 dela-s

100 2947 153 3005 tus
183 2941 219 3004 in
251 2939 413 3022 Ciliciam,
446 2960 590 3024 egressus
620 2939 713 3015 inde,
746 2939 813 3003 dies
840 2941 1013 3023 noctesque
1040 2940 1101 3004 iter

99 3050 220 3116 faciens
242 3051 383 3116 Taurum
406 3051 536 3116 transiit
559 3072 677 3134 eoque,
701 3071 764 3135 quo
788 3053 972 3128 studuerat,
997 3050 1095 3115 venit.

99 3163 239 3247 quaerit,
263 3164 380 3248 quibus
403 3164 481 3228 locis
505 3164 548 3227 sit
570 3161 685 3246 Aspis:
711 3162 878 3246 cognoscit
897 3162 984 3226 haud
1004 3163 1100 3246 longe

100 3275 208 3340 abesse
238 3274 479 3360 profectumque
509 3297 581 3339 eum
613 3278 773 3338 venatum.
809 3295 890 3358 quae
921 3276 997 3337 dum
1025 3296 1096 3358 spe-

100 3385 241 3462 culatur,
284 3387 441 3450 adventus
482 3385 548 3449 eius
592 3406 688 3449 causa
728 3384 940 3468 cognoscitur.
976 3385 1100 3450 Pisidas

100 3517 171 3561 cum
202 3496 261 3574 iis,
289 3517 369 3580 quos
393 3518 499 3560 secum
523 3495 678 3573 habebat,
707 3497 746 3559 ad
767 3495 979 3559 resistendum
1004 3493 1100 3578 Aspis

99 3611 273 3693 comparat.
298 3609 332 3673 id
355 3606 507 3673 Datames
531 3606 587 3672 ubi
611 3606 748 3692 audivit,
776 3628 865 3671 arma
889 3606 1004 3685 sumit,
1028 3622 1128 3671 suess
