2460 4026
421 210 519 253 xxm.
544 208 723 252 HANNIBAL.
749 189 779 255 2.
806 190 836 253 3.
1034 189 1098 253 113

104 381 235 459 milcar,
262 383 395 463 puerulo
419 404 486 459 me,
511 385 622 466 utpote
644 402 712 445 non
737 383 874 467 amplius
897 403 1013 447 novem
1038 404 1097 446 an-

104 515 164 558 nos
195 497 290 571 nate,
321 495 357 558 in
380 492 572 577 Hispaniam
595 494 768 578 imperator
790 494 993 578 proficiscens
1017 493 1096 559 Oar-

104 607 254 691 thagine‚
298 606 369 670 Iovi
411 606 533 689 optimo
576 606 714 670 maximo
752 606 873 671 hostias
907 607 1096 671 immolavit.

61 704 65 710 ¹
104 741 187 802 quae
218 718 329 783 divina
358 739 409 782 res
440 718 517 781 dum
548 717 795 795 conficiebatur,
828 719 986 802 quaesivit
1008 741 1027 783 a
1048 733 1130 781 mea

104 831 261 895 vellemne
293 850 400 894 secum
428 828 463 892 in
487 832 590 893 castra
614 827 781 913 proficisci.
806 829 841 892 id
865 851 937 894 cum
961 830 1100 894 libenter

56 1008 57 1011 ,
105 942 295 1026 accepissem
320 944 417 1024 atque
440 939 481 1004 ab
502 962 538 1004 eo
558 942 665 1027 petere
685 940 858 1024 coepissem
877 963 919 1004 ne
938 941 1100 1006 dubitaret
1172 1001 1173 1004 ,

105 1055 233 1137 ducere,
255 1055 326 1115 tum
344 1051 416 1128 ille,
438 1051 570 1136 faciam,
591 1051 715 1134 inquit,
738 1051 765 1115 si
785 1051 865 1115 mihi
878 1052 990 1130 fidem,
1003 1075 1099 1137 quam

105 1162 248 1248 postulo,
281 1163 414 1227 dederis.
445 1162 541 1226 simul
573 1184 623 1226 me
653 1163 694 1226 ad
725 1184 813 1226 aram
841 1163 990 1240 adduxit,
1015 1165 1101 1246 apud

104 1297 201 1360 quam
237 1275 413 1340 sacrificare
448 1274 628 1349 institerat,
662 1295 794 1358 eamque
827 1275 938 1338 ceteris
969 1274 1100 1338 remotis

103 1389 269 1451 tenentem
292 1387 398 1450 iurare
421 1385 531 1463 iussit,
551 1407 726 1469 numquam
747 1385 843 1450 mein
860 1385 1001 1450 amicitia
1021 1407 1094 1449 cum

104 1498 258 1562 Romanis
290 1498 367 1562 iore.
395 1497 427 1561 id
460 1519 518 1581 ego
550 1497 770 1564 iusiurandum
801 1499 886 1583 patri
909 1499 1020 1562 datum
1044 1512 1131 1563 us·⁵

103 1631 166 1693 que
196 1613 238 1673 ad
268 1609 353 1672 hanc
381 1610 514 1673 aetatem
540 1609 587 1672 ita
608 1596 810 1686 conservavi,
834 1612 872 1672 ut
896 1610 1016 1673 nemini
1041 1610 1101 1673 du-

104 1721 194 1785 bium
215 1742 281 1785 esse
305 1720 437 1798 debeat,
463 1720 542 1805 quin
565 1719 688 1803 reliquo
706 1722 852 1807 tempore
871 1723 979 1784 eadem
992 1725 1100 1784 mente

104 1833 163 1897 sim
195 1831 331 1897 futurus.
364 1853 463 1916 quare
493 1831 620 1916 siquid
645 1831 745 1895 amice
768 1832 807 1896 de
830 1831 985 1897 Romanis
1011 1834 1130 1920 cogi-o

102 1945 205 2022 tabis,
238 1964 307 2007 non
338 1942 558 2026 imprudenter
588 1942 718 2020 1111111,
747 1943 847 2008 sime
871 1943 1001 2011 celaris:
1027 1969 1099 2010 cum

102 2056 230 2140 quidem
254 2055 375 2119 bellum
398 2055 542 2138 parabis,
570 2055 726 2138 teipsum
744 2055 963 2134 frustraberis,
985 2055 1100 2121 sinon

102 2189 153 2231 me
175 2167 211 2229 in
234 2187 272 2231 1ο
294 2167 471 2251 principem
495 2166 655 2249 posueris'.

148 2277 219 2342 Hac
250 2277 350 2362 igitur
384 2299 448 2361 qna
478 2276 615 2340 diximus
643 2279 748 2340 aetate
771 2298 842 2340 cum
868 2279 960 2362 patre
978 2277 1014 2342 in
1036 2278 1099 2343 Hi·
1125 2281 1145 2344 3

101 2389 247 2474 spaniam
279 2388 439 2473 profectus
471 2391 538 2453 est:
570 2388 657 2452 cuius
683 2391 758 2472 post
781 2389 921 2466 obitum,
947 2390 1092 2455 Hasdru-

100 2502 172 2567 bale
195 2503 388 2586 imperatore
408 2501 556 2582 11111111,
579 2500 736 2584 equitatui
759 2501 848 2565 omni
867 2501 1015 2584 praefuit.
1038 2501 1099 2566 hoc

100 2634 227 2697 quoque
254 2610 424 2675 interfecto
448 2610 604 2675 exercitus
629 2634 786 2675 summam
809 2611 936 2696 imperii
958 2614 997 2676 ad
1025 2635 1098 2678 eum

102 2723 229 2790 detulit.
273 2723 308 2787 id
345 2721 575 2806 Carthaginem
610 2723 751 2787 delatum
787 2723 914 2808 publice
951 2745 1098 2809 compro·

100 2837 214 2901 batum
249 2837 306 2900 est.
343 2833 387 2898 sic
417 2833 586 2899 Hannibal
617 2835 723 2899 minor
752 2834 894 2919 quinque
929 2840 961 2899 et
980 2836 1128 2920 viginti2

102 2946 197 3010 annis
220 2947 397 3028 imperator
420 2943 524 3010 factus
548 2945 694 3029 proximo
719 2946 859 3010 triennio
884 2969 994 3011 omnes
1019 2969 1100 3033 gen·

102 3061 151 3122 tes
180 3055 358 3140 Hispaniae
390 3057 473 3122 bello
507 3057 648 3140 subegit:
678 3056 877 3141 Saguntum,
901 3058 1097 3124 foederatam

102 3169 284 3248 civitatem,
328 3169 360 3233 vi
395 3170 612 3254 expugnavit,
647 3173 712 3234 tres
747 3171 904 3235 exercitus
940 3170 1095 3235 maximos

102 3282 310 3366 comparavit.
348 3302 387 3345 ex
421 3281 471 3345 his
506 3304 606 3345 unum
641 3282 676 3346 in
708 3280 852 3346 Africam
883 3282 985 3366 misit,
1020 3283 1128 3348 alte-3

102 3416 173 3457 rum
193 3415 265 3457 curn
290 3391 493 3457 Hasdrubale
516 3393 615 3457 fratre
634 3394 669 3457 in
689 3393 848 3478 Hispania
867 3392 1011 3479 reliquit,
1033 3397 1099 3461 ter-

102 3505 184 3569 tium
226 3504 262 3568 in
301 3502 430 3568 Italiam
465 3527 572 3570 secum
608 3505 708 3569 duxit.
746 3506 863 3570 saltum
898 3503 1099 3588 Pyrenaeum

103 3614 241 3680 transiit.
275 3636 476 3701 quacumque
506 3617 567 3681 iter
596 3616 688 3701 fecit,
716 3639 787 3680 cum
812 3616 962 3681 omnibns
986 3618 1100 3683 incolis

996 3728 1018 3773 a
