<?xml version="1.0" encoding="UTF-8"?>
<!DOCTYPE html PUBLIC "-//W3C//DTD XHTML 1.0 Transitional//EN"
    "http://www.w3.org/TR/xhtml1/DTD/xhtml1-transitional.dtd">
<html xmlns="http://www.w3.org/1999/xhtml" xml:lang="en" lang="en">
 <head>
  <title>
</title>
<meta http-equiv="Content-Type" content="text/html;charset=utf-8" />
  <meta name='ocr-system' content='tesseract 3.04.00' />
  <meta name='ocr-capabilities' content='ocr_page ocr_carea ocr_par ocr_line ocrx_word'/>
</head>
<body>
  <div class='ocr_page' id='page_1' title='image "./corneliinepotis09nepogoog_0070.png"; bbox 0 0 2460 4026; ppageno 0'>
   <div class='ocr_carea' id='block_1_1' title="bbox 465 170 1209 277">
    <p class='ocr_par' dir='ltr' id='par_1_1' title="bbox 465 170 1209 277">
     <span class='ocr_line' id='line_1_1' title="bbox 465 170 1209 277; baseline 0.001 -13"><span class='ocrx_word' id='word_1_1' title='bbox 465 223 495 264; x_wconf 61' lang='lat' dir='ltr'>x·</span> <span class='ocrx_word' id='word_1_2' title='bbox 520 219 609 264; x_wconf 83' lang='lat' dir='ltr'>orou.</span> <span class='ocrx_word' id='word_1_3' title='bbox 636 201 663 263; x_wconf 83' lang='lat'>7.</span> <span class='ocrx_word' id='word_1_4' title='bbox 691 203 721 265; x_wconf 89' lang='grc'>8.</span> <span class='ocrx_word' id='word_1_5' title='bbox 801 234 803 239; x_wconf 93' lang='grc'><strong><em>·</em></strong></span> <span class='ocrx_word' id='word_1_6' title='bbox 1021 202 1060 266; x_wconf 85' lang='grc'>51</span> <span class='ocrx_word' id='word_1_7' title='bbox 1188 170 1209 277; x_wconf 64' lang='grc' dir='ltr'> </span> 
     </span>
    </p>
   </div>
   <div class='ocr_carea' id='block_1_2' title="bbox 47 393 1062 588">
    <p class='ocr_par' dir='ltr' id='par_1_2' title="bbox 47 393 1062 588">
     <span class='ocr_line' id='line_1_2' title="bbox 47 393 1061 480; baseline 0.003 -25"><span class='ocrx_word' id='word_1_8' title='bbox 47 394 262 480; x_wconf 72' lang='lat' dir='ltr'><strong>porrigeret,</strong></span> <span class='ocrx_word' id='word_1_9' title='bbox 287 394 478 477; x_wconf 87' lang='lat' dir='ltr'>suppetebat</span> <span class='ocrx_word' id='word_1_10' title='bbox 500 393 562 456; x_wconf 90' lang='lat' dir='ltr'>nisi</span> <span class='ocrx_word' id='word_1_11' title='bbox 585 393 619 456; x_wconf 91' lang='lat' dir='ltr'>in</span> <span class='ocrx_word' id='word_1_12' title='bbox 645 394 818 458; x_wconf 86' lang='lat' dir='ltr'>amicorum</span> <span class='ocrx_word' id='word_1_13' title='bbox 839 397 1061 479; x_wconf 89' lang='lat' dir='ltr'>possessiones.</span> 
     </span>
     <span class='ocr_line' id='line_1_3' title="bbox 65 505 1062 588; baseline -0.002 -17"><span class='ocrx_word' id='word_1_14' title='bbox 65 507 98 571; x_wconf 90' lang='lat' dir='ltr'>id</span> <span class='ocrx_word' id='word_1_15' title='bbox 120 506 187 571; x_wconf 88' lang='lat' dir='ltr'>eius</span> <span class='ocrx_word' id='word_1_16' title='bbox 208 506 295 569; x_wconf 90' lang='lat' dir='ltr'>modi</span> <span class='ocrx_word' id='word_1_17' title='bbox 315 509 401 588; x_wconf 84' lang='lat' dir='ltr'>erat,</span> <span class='ocrx_word' id='word_1_18' title='bbox 422 509 475 581; x_wconf 78' lang='lat' dir='ltr'>ut,</span> <span class='ocrx_word' id='word_1_19' title='bbox 490 527 562 569; x_wconf 92' lang='lat' dir='ltr'>cum</span> <span class='ocrx_word' id='word_1_20' title='bbox 575 505 691 569; x_wconf 86' lang='lat' dir='ltr'>milites</span> <span class='ocrx_word' id='word_1_21' title='bbox 703 506 956 584; x_wconf 76' lang='lat' dir='ltr'>reconciliasset,</span> <span class='ocrx_word' id='word_1_22' title='bbox 971 508 1062 571; x_wconf 89' lang='lat' dir='ltr'>amit·</span> 
     </span>
    </p>
   </div>
   <div class='ocr_carea' id='block_1_3' title="bbox 64 617 1103 1371">
    <p class='ocr_par' dir='ltr' id='par_1_3' title="bbox 64 617 1103 1263">
     <span class='ocr_line' id='line_1_4' title="bbox 66 617 1092 701; baseline -0.003 -18"><span class='ocrx_word' id='word_1_23' title='bbox 66 622 150 683; x_wconf 88' lang='lat' dir='ltr'>teret</span> <span class='ocrx_word' id='word_1_24' title='bbox 192 617 373 701; x_wconf 86' lang='lat' dir='ltr'>optimates.</span> <span class='ocrx_word' id='word_1_25' title='bbox 410 638 545 700; x_wconf 88' lang='lat' dir='ltr'>quarum</span> <span class='ocrx_word' id='word_1_26' title='bbox 580 637 684 680; x_wconf 89' lang='lat' dir='ltr'>rerum</span> <span class='ocrx_word' id='word_1_27' title='bbox 719 638 795 681; x_wconf 87' lang='lat' dir='ltr'>cura</span> <span class='ocrx_word' id='word_1_28' title='bbox 832 619 1010 701; x_wconf 74' lang='lat' dir='ltr'>angebatur</span> <span class='ocrx_word' id='word_1_29' title='bbox 1033 621 1092 681; x_wconf 77' lang='lat' dir='ltr'>ets</span> 
     </span>
     <span class='ocr_line' id='line_1_5' title="bbox 64 728 1064 814; baseline -0.003 -19"><span class='ocrx_word' id='word_1_30' title='bbox 64 731 211 795; x_wconf 85' lang='lat' dir='ltr'>insuetus</span> <span class='ocrx_word' id='word_1_31' title='bbox 235 729 317 793; x_wconf 88' lang='lat' dir='ltr'>male</span> <span class='ocrx_word' id='word_1_32' title='bbox 341 728 490 792; x_wconf 88' lang='lat' dir='ltr'>audiendi</span> <span class='ocrx_word' id='word_1_33' title='bbox 514 749 579 791; x_wconf 91' lang='lat' dir='ltr'>non</span> <span class='ocrx_word' id='word_1_34' title='bbox 605 728 712 791; x_wconf 89' lang='lat' dir='ltr'>animo</span> <span class='ocrx_word' id='word_1_35' title='bbox 738 750 837 813; x_wconf 85' lang='lat' dir='ltr'>aequo</span> <span class='ocrx_word' id='word_1_36' title='bbox 861 730 998 814; x_wconf 79' lang='lat' dir='ltr'>ferebat,</span> <span class='ocrx_word' id='word_1_37' title='bbox 1025 730 1064 792; x_wconf 91' lang='lat' dir='ltr'>de</span> 
     </span>
     <span class='ocr_line' id='line_1_6' title="bbox 66 833 1063 924; baseline -0.002 -18"><span class='ocrx_word' id='word_1_38' title='bbox 66 864 100 907; x_wconf 90' lang='lat' dir='ltr'>sc</span> <span class='ocrx_word' id='word_1_39' title='bbox 133 841 174 905; x_wconf 89' lang='lat' dir='ltr'>ab</span> <span class='ocrx_word' id='word_1_40' title='bbox 209 840 248 904; x_wconf 93' lang='lat' dir='ltr'>iis</span> <span class='ocrx_word' id='word_1_41' title='bbox 285 839 368 904; x_wconf 86' lang='lat' dir='ltr'>male</span> <span class='ocrx_word' id='word_1_42' title='bbox 404 838 596 916; x_wconf 85' lang='lat' dir='ltr'>existimari,</span> <span class='ocrx_word' id='word_1_43' title='bbox 627 860 763 922; x_wconf 88' lang='lat' dir='ltr'>quorum</span> <span class='ocrx_word' id='word_1_44' title='bbox 795 842 891 924; x_wconf 87' lang='lat' dir='ltr'>paulo</span> <span class='ocrx_word' id='word_1_45' title='bbox 923 833 998 911; x_wconf 85' lang='lat' dir='ltr'>ante</span> <span class='ocrx_word' id='word_1_46' title='bbox 1030 841 1063 904; x_wconf 92' lang='lat' dir='ltr'>in</span> 
     </span>
     <span class='ocr_line' id='line_1_7' title="bbox 66 936 1103 1035; baseline -0.002 -17"><span class='ocrx_word' id='word_1_47' title='bbox 66 953 191 1018; x_wconf 89' lang='lat' dir='ltr'>eaelum</span> <span class='ocrx_word' id='word_1_48' title='bbox 222 951 328 1016; x_wconf 86' lang='lat' dir='ltr'>fuerat</span> <span class='ocrx_word' id='word_1_49' title='bbox 359 951 461 1016; x_wconf 90' lang='lat' dir='ltr'>elatus</span> <span class='ocrx_word' id='word_1_50' title='bbox 491 951 648 1014; x_wconf 89' lang='lat' dir='ltr'>laudibus.</span> <span class='ocrx_word' id='word_1_51' title='bbox 662 936 789 1035; x_wconf 76' lang='lat' dir='ltr'>bulgus</span> <span class='ocrx_word' id='word_1_52' title='bbox 814 955 920 1016; x_wconf 89' lang='lat' dir='ltr'>autem</span> <span class='ocrx_word' id='word_1_53' title='bbox 946 953 1066 1016; x_wconf 89' lang='lat' dir='ltr'>offensa</span> <span class='ocrx_word' id='word_1_54' title='bbox 1102 936 1103 939; x_wconf 8' lang='grc' dir='ltr'><strong>Ἴ</strong></span> 
     </span>
     <span class='ocr_line' id='line_1_8' title="bbox 65 1063 1065 1148; baseline -0.001 -19"><span class='ocrx_word' id='word_1_55' title='bbox 65 1064 101 1130; x_wconf 87' lang='lat' dir='ltr'>in</span> <span class='ocrx_word' id='word_1_56' title='bbox 133 1086 206 1128; x_wconf 89' lang='lat' dir='ltr'>eum</span> <span class='ocrx_word' id='word_1_57' title='bbox 237 1063 375 1127; x_wconf 89' lang='lat' dir='ltr'>militum</span> <span class='ocrx_word' id='word_1_58' title='bbox 400 1063 565 1127; x_wconf 85' lang='lat' dir='ltr'>voluntate</span> <span class='ocrx_word' id='word_1_59' title='bbox 588 1063 719 1127; x_wconf 87' lang='lat' dir='ltr'>liberius</span> <span class='ocrx_word' id='word_1_60' title='bbox 742 1063 934 1147; x_wconf 69' lang='lat' dir='ltr'>loquebatur</span> <span class='ocrx_word' id='word_1_61' title='bbox 957 1069 990 1127; x_wconf 89' lang='lat' dir='ltr'>et</span> <span class='ocrx_word' id='word_1_62' title='bbox 1013 1069 1065 1148; x_wconf 85' lang='lat' dir='ltr'>ty·</span> 
     </span>
     <span class='ocr_line' id='line_1_9' title="bbox 67 1174 826 1263; baseline -0.004 -23"><span class='ocrx_word' id='word_1_63' title='bbox 67 1198 207 1241; x_wconf 80' lang='lat' dir='ltr'>ramnum</span> <span class='ocrx_word' id='word_1_64' title='bbox 230 1197 297 1240; x_wconf 92' lang='lat' dir='ltr'>non</span> <span class='ocrx_word' id='word_1_65' title='bbox 319 1174 487 1240; x_wconf 89' lang='lat' dir='ltr'>ferendum</span> <span class='ocrx_word' id='word_1_66' title='bbox 511 1175 688 1263; x_wconf 65' lang='lat' dir='ltr'>dictitabat.</span> <span class='ocrx_word' id='word_1_67' title='bbox 823 1248 826 1257; x_wconf 25' lang='grc' dir='ltr'>ι</span> 
     </span>
    </p>

    <p class='ocr_par' dir='ltr' id='par_1_4' title="bbox 114 1286 1092 1371">
     <span class='ocr_line' id='line_1_10' title="bbox 114 1286 1092 1371; baseline -0.002 -19"><span class='ocrx_word' id='word_1_68' title='bbox 114 1287 203 1352; x_wconf 87' lang='lat' dir='ltr'>Haeo</span> <span class='ocrx_word' id='word_1_69' title='bbox 245 1288 299 1353; x_wconf 91' lang='lat' dir='ltr'>ille</span> <span class='ocrx_word' id='word_1_70' title='bbox 340 1289 470 1351; x_wconf 89' lang='lat' dir='ltr'>intuens</span> <span class='ocrx_word' id='word_1_71' title='bbox 513 1299 584 1352; x_wconf 83' lang='lat' dir='ltr'>c&#39;um</span> <span class='ocrx_word' id='word_1_72' title='bbox 627 1287 895 1371; x_wconf 85' lang='lat' dir='ltr'>quemadmodum</span> <span class='ocrx_word' id='word_1_73' title='bbox 941 1286 1092 1350; x_wconf 88' lang='lat' dir='ltr'>sedaret8</span> 
     </span>
    </p>
   </div>
   <div class='ocr_carea' id='block_1_4' title="bbox 68 1395 1166 3379">
    <p class='ocr_par' dir='ltr' id='par_1_5' title="bbox 68 1395 1166 3379">
     <span class='ocr_line' id='line_1_11' title="bbox 69 1395 1066 1483; baseline -0.001 -21"><span class='ocrx_word' id='word_1_74' title='bbox 69 1399 205 1465; x_wconf 89' lang='lat' dir='ltr'>nesciret</span> <span class='ocrx_word' id='word_1_75' title='bbox 243 1403 275 1463; x_wconf 89' lang='lat' dir='ltr'>et</span> <span class='ocrx_word' id='word_1_76' title='bbox 310 1421 462 1483; x_wconf 86' lang='lat' dir='ltr'>quorsum</span> <span class='ocrx_word' id='word_1_77' title='bbox 496 1402 666 1463; x_wconf 87' lang='lat' dir='ltr'>evaderent</span> <span class='ocrx_word' id='word_1_78' title='bbox 700 1399 844 1476; x_wconf 88' lang='lat' dir='ltr'>timeret,</span> <span class='ocrx_word' id='word_1_79' title='bbox 881 1395 1066 1462; x_wconf 83' lang='lat' dir='ltr'>Callicrates</span> 
     </span>
     <span class='ocr_line' id='line_1_12' title="bbox 68 1507 1065 1594; baseline 0 -20"><span class='ocrx_word' id='word_1_80' title='bbox 68 1509 218 1594; x_wconf 88' lang='lat' dir='ltr'>quidam,</span> <span class='ocrx_word' id='word_1_81' title='bbox 243 1511 319 1575; x_wconf 87' lang='lat' dir='ltr'>civis</span> <span class='ocrx_word' id='word_1_82' title='bbox 342 1509 567 1587; x_wconf 68' lang='lat' dir='ltr'>Athenionem,</span> <span class='ocrx_word' id='word_1_83' title='bbox 592 1511 647 1594; x_wconf 91' lang='lat' dir='ltr'>qui</span> <span class='ocrx_word' id='word_1_84' title='bbox 673 1511 767 1574; x_wconf 89' lang='lat' dir='ltr'>simul</span> <span class='ocrx_word' id='word_1_85' title='bbox 791 1532 863 1575; x_wconf 90' lang='lat' dir='ltr'>cum</span> <span class='ocrx_word' id='word_1_86' title='bbox 887 1532 923 1575; x_wconf 89' lang='lat' dir='ltr'>eo</span> <span class='ocrx_word' id='word_1_87' title='bbox 948 1531 987 1574; x_wconf 82' lang='lat' dir='ltr'>ex</span> <span class='ocrx_word' id='word_1_88' title='bbox 1004 1507 1065 1574; x_wconf 89' lang='lat' dir='ltr'>Pe-</span> 
     </span>
     <span class='ocr_line' id='line_1_13' title="bbox 68 1620 1066 1706; baseline -0.001 -21"><span class='ocrx_word' id='word_1_89' title='bbox 68 1621 245 1706; x_wconf 87' lang='lat' dir='ltr'>loponneso</span> <span class='ocrx_word' id='word_1_90' title='bbox 276 1623 311 1686; x_wconf 92' lang='lat' dir='ltr'>in</span> <span class='ocrx_word' id='word_1_91' title='bbox 342 1620 481 1687; x_wconf 83' lang='lat' dir='ltr'>Siciliam</span> <span class='ocrx_word' id='word_1_92' title='bbox 512 1626 659 1700; x_wconf 87' lang='lat' dir='ltr'>venerat,</span> <span class='ocrx_word' id='word_1_93' title='bbox 691 1622 787 1687; x_wconf 92' lang='lat' dir='ltr'>homo</span> <span class='ocrx_word' id='word_1_94' title='bbox 821 1626 854 1686; x_wconf 90' lang='lat' dir='ltr'>et</span> <span class='ocrx_word' id='word_1_95' title='bbox 877 1622 1010 1686; x_wconf 89' lang='lat' dir='ltr'>callidus</span> <span class='ocrx_word' id='word_1_96' title='bbox 1034 1625 1066 1684; x_wconf 92' lang='lat' dir='ltr'>et</span> 
     </span>
     <span class='ocr_line' id='line_1_14' title="bbox 68 1732 1066 1818; baseline -0.003 -20"><span class='ocrx_word' id='word_1_97' title='bbox 68 1735 108 1798; x_wconf 86' lang='lat' dir='ltr'>ad</span> <span class='ocrx_word' id='word_1_98' title='bbox 137 1732 282 1798; x_wconf 82' lang='lat' dir='ltr'>fraudem</span> <span class='ocrx_word' id='word_1_99' title='bbox 306 1739 435 1812; x_wconf 88' lang='lat' dir='ltr'>acutus,</span> <span class='ocrx_word' id='word_1_100' title='bbox 460 1735 528 1798; x_wconf 89' lang='lat' dir='ltr'>sine</span> <span class='ocrx_word' id='word_1_101' title='bbox 552 1734 618 1799; x_wconf 89' lang='lat' dir='ltr'>ulla</span> <span class='ocrx_word' id='word_1_102' title='bbox 640 1734 797 1818; x_wconf 85' lang='lat' dir='ltr'>religione</span> <span class='ocrx_word' id='word_1_103' title='bbox 820 1755 857 1798; x_wconf 91' lang='lat' dir='ltr'>ac</span> <span class='ocrx_word' id='word_1_104' title='bbox 880 1733 961 1809; x_wconf 88' lang='lat' dir='ltr'>fide,</span> <span class='ocrx_word' id='word_1_105' title='bbox 985 1733 1066 1796; x_wconf 86' lang='lat' dir='ltr'>adiit</span> 
     </span>
     <span class='ocr_line' id='line_1_15' title="bbox 69 1830 1166 1949; baseline -0.003 -40"><span class='ocrx_word' id='word_1_106' title='bbox 69 1847 109 1910; x_wconf 88' lang='lat' dir='ltr'>ad</span> <span class='ocrx_word' id='word_1_107' title='bbox 153 1844 290 1910; x_wconf 88' lang='lat' dir='ltr'>Dionem</span> <span class='ocrx_word' id='word_1_108' title='bbox 326 1849 360 1910; x_wconf 87' lang='lat' dir='ltr'>ct</span> <span class='ocrx_word' id='word_1_109' title='bbox 394 1847 479 1949; x_wconf 65' lang='lat' dir='ltr'>aitzf</span> <span class='ocrx_word' id='word_1_110' title='bbox 494 1868 565 1911; x_wconf 90' lang='lat' dir='ltr'>eum</span> <span class='ocrx_word' id='word_1_111' title='bbox 600 1867 719 1931; x_wconf 84' lang='lat' dir='ltr'>magno</span> <span class='ocrx_word' id='word_1_112' title='bbox 754 1846 789 1910; x_wconf 91' lang='lat' dir='ltr'>in</span> <span class='ocrx_word' id='word_1_113' title='bbox 825 1845 965 1930; x_wconf 84' lang='lat' dir='ltr'>periculo</span> <span class='ocrx_word' id='word_1_114' title='bbox 1001 1862 1095 1909; x_wconf 74' lang='lat' dir='ltr'>esse-a</span> <span class='ocrx_word' id='word_1_115' title='bbox 1163 1830 1166 1835; x_wconf 40' lang='lat'><strong><em>¹</em></strong></span> 
     </span>
     <span class='ocr_line' id='line_1_16' title="bbox 69 1957 1064 2043; baseline -0.001 -23"><span class='ocrx_word' id='word_1_116' title='bbox 69 1960 202 2043; x_wconf 90' lang='lat' dir='ltr'>propter</span> <span class='ocrx_word' id='word_1_117' title='bbox 233 1957 440 2022; x_wconf 77' lang='lat' dir='ltr'>offensionem</span> <span class='ocrx_word' id='word_1_118' title='bbox 472 1958 584 2043; x_wconf 93' lang='lat' dir='ltr'>populi</span> <span class='ocrx_word' id='word_1_119' title='bbox 607 1959 771 2022; x_wconf 89' lang='lat' dir='ltr'>etodium</span> <span class='ocrx_word' id='word_1_120' title='bbox 796 1957 955 2034; x_wconf 86' lang='lat' dir='ltr'>militum,</span> <span class='ocrx_word' id='word_1_121' title='bbox 980 1957 1064 2040; x_wconf 91' lang='lat' dir='ltr'>quod</span> 
     </span>
     <span class='ocr_line' id='line_1_17' title="bbox 70 2052 1065 2153; baseline -0.002 -21"><span class='ocrx_word' id='word_1_122' title='bbox 70 2052 160 2133; x_wconf 87' lang='lat' dir='ltr'>nullo</span> <span class='ocrx_word' id='word_1_123' title='bbox 190 2069 286 2132; x_wconf 90' lang='lat' dir='ltr'>modo</span> <span class='ocrx_word' id='word_1_124' title='bbox 317 2069 435 2133; x_wconf 84' lang='lat' dir='ltr'>evitare</span> <span class='ocrx_word' id='word_1_125' title='bbox 458 2075 580 2153; x_wconf 89' lang='lat' dir='ltr'>posset,</span> <span class='ocrx_word' id='word_1_126' title='bbox 606 2070 668 2134; x_wconf 90' lang='lat' dir='ltr'>nisi</span> <span class='ocrx_word' id='word_1_127' title='bbox 692 2070 787 2133; x_wconf 88' lang='lat' dir='ltr'>alicui</span> <span class='ocrx_word' id='word_1_128' title='bbox 811 2091 940 2133; x_wconf 89' lang='lat' dir='ltr'>suorum</span> <span class='ocrx_word' id='word_1_129' title='bbox 966 2088 1065 2152; x_wconf 81' lang='lat' dir='ltr'>nego·</span> 
     </span>
     <span class='ocr_line' id='line_1_18' title="bbox 70 2156 1064 2273; baseline -0.004 -29"><span class='ocrx_word' id='word_1_130' title='bbox 70 2181 152 2245; x_wconf 91' lang='lat' dir='ltr'>tium</span> <span class='ocrx_word' id='word_1_131' title='bbox 188 2183 294 2259; x_wconf 87' lang='lat' dir='ltr'>daret,</span> <span class='ocrx_word' id='word_1_132' title='bbox 331 2182 387 2265; x_wconf 92' lang='lat' dir='ltr'>qui</span> <span class='ocrx_word' id='word_1_133' title='bbox 420 2202 453 2245; x_wconf 90' lang='lat' dir='ltr'>se</span> <span class='ocrx_word' id='word_1_134' title='bbox 489 2181 652 2246; x_wconf 84' lang='lat' dir='ltr'>simularet</span> <span class='ocrx_word' id='word_1_135' title='bbox 681 2181 730 2244; x_wconf 91' lang='lat' dir='ltr'>illi</span> <span class='ocrx_word' id='word_1_136' title='bbox 762 2156 957 2273; x_wconf 56' lang='lat' dir='ltr'>inimicum]</span> <span class='ocrx_word' id='word_1_137' title='bbox 970 2199 1064 2261; x_wconf 91' lang='lat' dir='ltr'>quem</span> 
     </span>
     <span class='ocr_line' id='line_1_19' title="bbox 71 2289 1064 2374; baseline -0.006 -16"><span class='ocrx_word' id='word_1_138' title='bbox 71 2293 99 2358; x_wconf 90' lang='lat' dir='ltr'>si</span> <span class='ocrx_word' id='word_1_139' title='bbox 131 2291 305 2357; x_wconf 82' lang='lat' dir='ltr'>invenisset</span> <span class='ocrx_word' id='word_1_140' title='bbox 326 2293 494 2370; x_wconf 87' lang='lat' dir='ltr'>idoneum,</span> <span class='ocrx_word' id='word_1_141' title='bbox 519 2291 612 2356; x_wconf 78' lang='lat' dir='ltr'>facile</span> <span class='ocrx_word' id='word_1_142' title='bbox 636 2292 780 2355; x_wconf 89' lang='lat' dir='ltr'>omnium</span> <span class='ocrx_word' id='word_1_143' title='bbox 804 2291 929 2355; x_wconf 88' lang='lat' dir='ltr'>animos</span> <span class='ocrx_word' id='word_1_144' title='bbox 952 2289 1064 2374; x_wconf 83' lang='lat' dir='ltr'>cogni-</span> 
     </span>
     <span class='ocr_line' id='line_1_20' title="bbox 69 2401 1065 2487; baseline -0.002 -21"><span class='ocrx_word' id='word_1_145' title='bbox 69 2407 180 2468; x_wconf 90' lang='lat' dir='ltr'>turum</span> <span class='ocrx_word' id='word_1_146' title='bbox 211 2402 468 2486; x_wconf 81' lang='lat' dir='ltr'>adversariosque</span> <span class='ocrx_word' id='word_1_147' title='bbox 499 2403 719 2480; x_wconf 86' lang='lat' dir='ltr'>sublaturum,</span> <span class='ocrx_word' id='word_1_148' title='bbox 743 2403 828 2487; x_wconf 91' lang='lat' dir='ltr'>quod</span> <span class='ocrx_word' id='word_1_149' title='bbox 851 2402 975 2466; x_wconf 91' lang='lat' dir='ltr'>inimici</span> <span class='ocrx_word' id='word_1_150' title='bbox 998 2401 1065 2465; x_wconf 90' lang='lat' dir='ltr'>eius</span> 
     </span>
     <span class='ocr_line' id='line_1_21' title="bbox 70 2512 1093 2598; baseline -0.004 -18"><span class='ocrx_word' id='word_1_151' title='bbox 70 2514 238 2580; x_wconf 85' lang='lat' dir='ltr'>dissidenti</span> <span class='ocrx_word' id='word_1_152' title='bbox 272 2537 345 2579; x_wconf 90' lang='lat' dir='ltr'>suos</span> <span class='ocrx_word' id='word_1_153' title='bbox 380 2536 491 2579; x_wconf 89' lang='lat' dir='ltr'>sensus</span> <span class='ocrx_word' id='word_1_154' title='bbox 522 2515 663 2598; x_wconf 89' lang='lat' dir='ltr'>aperturi</span> <span class='ocrx_word' id='word_1_155' title='bbox 692 2513 809 2578; x_wconf 88' lang='lat' dir='ltr'>forent.</span> <span class='ocrx_word' id='word_1_156' title='bbox 841 2513 901 2577; x_wconf 87' lang='lat' dir='ltr'>tali</span> <span class='ocrx_word' id='word_1_157' title='bbox 932 2512 1093 2577; x_wconf 82' lang='lat' dir='ltr'>consilioa</span> 
     </span>
     <span class='ocr_line' id='line_1_22' title="bbox 69 2624 1132 2712; baseline -0.008 -20"><span class='ocrx_word' id='word_1_158' title='bbox 69 2627 205 2712; x_wconf 86' lang='lat' dir='ltr'>probato</span> <span class='ocrx_word' id='word_1_159' title='bbox 249 2627 369 2711; x_wconf 84' lang='lat' dir='ltr'>excipit</span> <span class='ocrx_word' id='word_1_160' title='bbox 408 2626 465 2690; x_wconf 90' lang='lat' dir='ltr'>has</span> <span class='ocrx_word' id='word_1_161' title='bbox 501 2631 608 2711; x_wconf 88' lang='lat' dir='ltr'>partes</span> <span class='ocrx_word' id='word_1_162' title='bbox 643 2627 710 2710; x_wconf 91' lang='lat' dir='ltr'>ipse</span> <span class='ocrx_word' id='word_1_163' title='bbox 747 2624 932 2690; x_wconf 82' lang='lat' dir='ltr'>Callicrates</span> <span class='ocrx_word' id='word_1_164' title='bbox 967 2629 1000 2688; x_wconf 89' lang='lat' dir='ltr'>et</span> <span class='ocrx_word' id='word_1_165' title='bbox 1034 2647 1067 2689; x_wconf 88' lang='lat' dir='ltr'>se</span> <span class='ocrx_word' id='word_1_166' title='bbox 1122 2667 1132 2683; x_wconf 42' lang='lat' dir='ltr'>r</span> 
     </span>
     <span class='ocr_line' id='line_1_23' title="bbox 70 2735 1066 2911; baseline -0.002 -110"><span class='ocrx_word' id='word_1_167' title='bbox 70 2739 175 2802; x_wconf 86' lang='lat' dir='ltr'>armat</span> <span class='ocrx_word' id='word_1_168' title='bbox 214 2736 432 2822; x_wconf 88' lang='lat' dir='ltr'>imprudentia</span> <span class='ocrx_word' id='word_1_169' title='bbox 466 2736 590 2802; x_wconf 87' lang='lat' dir='ltr'>Dionis.</span> <span class='ocrx_word' id='word_1_170' title='bbox 627 2740 668 2801; x_wconf 89' lang='lat' dir='ltr'>ad</span> <span class='ocrx_word' id='word_1_171' title='bbox 703 2760 774 2801; x_wconf 91' lang='lat' dir='ltr'>eum</span> <span class='ocrx_word' id='word_1_172' title='bbox 809 2735 1066 2911; x_wconf 40' lang='lat' dir='ltr'>interQrdum</span> 
     </span>
     <span class='ocr_line' id='line_1_24' title="bbox 70 2847 1067 2935; baseline -0.005 -20"><span class='ocrx_word' id='word_1_173' title='bbox 70 2851 171 2916; x_wconf 88' lang='lat' dir='ltr'>socios</span> <span class='ocrx_word' id='word_1_174' title='bbox 202 2851 381 2935; x_wconf 87' lang='lat' dir='ltr'>conquirit,</span> <span class='ocrx_word' id='word_1_175' title='bbox 413 2849 609 2915; x_wconf 82' lang='lat' dir='ltr'>adversarios</span> <span class='ocrx_word' id='word_1_176' title='bbox 634 2851 700 2914; x_wconf 90' lang='lat' dir='ltr'>eius</span> <span class='ocrx_word' id='word_1_177' title='bbox 724 2849 896 2925; x_wconf 78' lang='lat' dir='ltr'>convenit,</span> <span class='ocrx_word' id='word_1_178' title='bbox 920 2868 957 2911; x_wconf 90' lang='lat' dir='ltr'>co</span> <span class='ocrx_word' id='word_1_179' title='bbox 981 2847 1067 2911; x_wconf 88' lang='lat' dir='ltr'>iura-</span> 
     </span>
     <span class='ocr_line' id='line_1_25' title="bbox 70 2938 1096 3046; baseline -0.007 -20"><span class='ocrx_word' id='word_1_180' title='bbox 70 2963 159 3028; x_wconf 90' lang='lat' dir='ltr'>tione</span> <span class='ocrx_word' id='word_1_181' title='bbox 190 2938 388 3045; x_wconf 70' lang='lat' dir='ltr'>confirmattl</span> <span class='ocrx_word' id='word_1_182' title='bbox 402 2984 469 3039; x_wconf 88' lang='lat' dir='ltr'>res,</span> <span class='ocrx_word' id='word_1_183' title='bbox 503 2962 613 3026; x_wconf 91' lang='lat' dir='ltr'>multis</span> <span class='ocrx_word' id='word_1_184' title='bbox 637 2961 772 3026; x_wconf 82' lang='lat' dir='ltr'>consciis</span> <span class='ocrx_word' id='word_1_185' title='bbox 795 2982 877 3046; x_wconf 89' lang='lat' dir='ltr'>quae</span> <span class='ocrx_word' id='word_1_186' title='bbox 900 2961 1096 3044; x_wconf 76' lang='lat' dir='ltr'>ageretur‚4</span> 
     </span>
     <span class='ocr_line' id='line_1_26' title="bbox 71 3050 1065 3150; baseline -0.005 -12"><span class='ocrx_word' id='word_1_187' title='bbox 71 3075 156 3139; x_wconf 85' lang='lat' dir='ltr'>elata</span> <span class='ocrx_word' id='word_1_188' title='bbox 197 3072 340 3139; x_wconf 84' lang='lat' dir='ltr'>defertur</span> <span class='ocrx_word' id='word_1_189' title='bbox 370 3050 441 3138; x_wconf 40' lang='lat' dir='ltr'>&#39;ad-</span> <span class='ocrx_word' id='word_1_190' title='bbox 458 3072 723 3150; x_wconf 61' lang='lat' dir='ltr'>mamuchan,</span> <span class='ocrx_word' id='word_1_191' title='bbox 759 3093 900 3136; x_wconf 86' lang='lat' dir='ltr'>sororem</span> <span class='ocrx_word' id='word_1_192' title='bbox 935 3069 1065 3146; x_wconf 86' lang='lat' dir='ltr'>Dionis,</span> 
     </span>
     <span class='ocr_line' id='line_1_27' title="bbox 71 3168 1067 3271; baseline -0.006 -21"><span class='ocrx_word' id='word_1_193' title='bbox 71 3206 266 3271; x_wconf 85' lang='lat' dir='ltr'>uxoremque</span> <span class='ocrx_word' id='word_1_194' title='bbox 305 3168 546 3263; x_wconf 53' lang='lat' dir='ltr'>Aretenfflillae</span> <span class='ocrx_word' id='word_1_195' title='bbox 580 3184 694 3248; x_wconf 88' lang='lat' dir='ltr'>timore</span> <span class='ocrx_word' id='word_1_196' title='bbox 729 3183 916 3268; x_wconf 83' lang='lat' dir='ltr'>perterritae</span> <span class='ocrx_word' id='word_1_197' title='bbox 951 3202 1067 3246; x_wconf 86' lang='lat' dir='ltr'>eonve-</span> 
     </span>
     <span class='ocr_line' id='line_1_28' title="bbox 72 3294 1068 3379; baseline -0.004 -19"><span class='ocrx_word' id='word_1_198' title='bbox 72 3297 187 3374; x_wconf 87' lang='lat' dir='ltr'>niunt‚</span> <span class='ocrx_word' id='word_1_199' title='bbox 219 3296 308 3361; x_wconf 90' lang='lat' dir='ltr'>cuius</span> <span class='ocrx_word' id='word_1_200' title='bbox 333 3296 378 3359; x_wconf 88' lang='lat' dir='ltr'>&#39;de</span> <span class='ocrx_word' id='word_1_201' title='bbox 405 3295 546 3379; x_wconf 89' lang='lat' dir='ltr'>periculo</span> <span class='ocrx_word' id='word_1_202' title='bbox 577 3294 746 3359; x_wconf 89' lang='lat' dir='ltr'>timebant.</span> <span class='ocrx_word' id='word_1_203' title='bbox 779 3298 813 3358; x_wconf 86' lang='lat' dir='ltr'>at</span> <span class='ocrx_word' id='word_1_204' title='bbox 841 3294 897 3358; x_wconf 90' lang='lat' dir='ltr'>ille</span> <span class='ocrx_word' id='word_1_205' title='bbox 926 3295 1068 3378; x_wconf 86' lang='lat' dir='ltr'>negata</span> 
     </span>
    </p>
   </div>
   <div class='ocr_carea' id='block_1_5' title="bbox 72 3405 1193 3489">
    <p class='ocr_par' dir='ltr' id='par_1_6' title="bbox 72 3405 1193 3489">
     <span class='ocr_line' id='line_1_29' title="bbox 72 3405 1193 3489; baseline -0.008 -13"><span class='ocrx_word' id='word_1_206' title='bbox 72 3405 241 3475; x_wconf 74' lang='lat' dir='ltr'>Callicrate</span> <span class='ocrx_word' id='word_1_207' title='bbox 264 3408 335 3473; x_wconf 87' lang='lat' dir='ltr'>fiori</span> <span class='ocrx_word' id='word_1_208' title='bbox 358 3406 419 3472; x_wconf 91' lang='lat' dir='ltr'>sibi</span> <span class='ocrx_word' id='word_1_209' title='bbox 441 3407 590 3484; x_wconf 86' lang='lat' dir='ltr'>insidias,</span> <span class='ocrx_word' id='word_1_210' title='bbox 609 3406 663 3470; x_wconf 90' lang='lat' dir='ltr'>scd</span> <span class='ocrx_word' id='word_1_211' title='bbox 682 3406 756 3485; x_wconf 88' lang='lat' dir='ltr'>illa,</span> <span class='ocrx_word' id='word_1_212' title='bbox 777 3427 857 3489; x_wconf 91' lang='lat' dir='ltr'>quae</span> <span class='ocrx_word' id='word_1_213' title='bbox 878 3408 1066 3489; x_wconf 82' lang='lat' dir='ltr'>agerentur,</span> <span class='ocrx_word' id='word_1_214' title='bbox 1192 3456 1193 3460; x_wconf 65' lang='lat'>,</span> 
     </span>
    </p>
   </div>
   <div class='ocr_carea' id='block_1_6' title="bbox 72 3515 1096 3727">
    <p class='ocr_par' dir='ltr' id='par_1_7' title="bbox 72 3515 1096 3727">
     <span class='ocr_line' id='line_1_30' title="bbox 72 3515 1096 3606; baseline -0.007 -21"><span class='ocrx_word' id='word_1_215' title='bbox 72 3519 141 3585; x_wconf 87' lang='lat' dir='ltr'>fieri</span> <span class='ocrx_word' id='word_1_216' title='bbox 170 3524 340 3606; x_wconf 83' lang='lat' dir='ltr'>praecepto</span> <span class='ocrx_word' id='word_1_217' title='bbox 372 3541 440 3585; x_wconf 90' lang='lat' dir='ltr'>suo.</span> <span class='ocrx_word' id='word_1_218' title='bbox 472 3518 619 3583; x_wconf 89' lang='lat' dir='ltr'>mulieres</span> <span class='ocrx_word' id='word_1_219' title='bbox 653 3517 753 3582; x_wconf 89' lang='lat' dir='ltr'>nihilo</span> <span class='ocrx_word' id='word_1_220' title='bbox 786 3517 887 3582; x_wconf 91' lang='lat' dir='ltr'>secius</span> <span class='ocrx_word' id='word_1_221' title='bbox 916 3515 1096 3583; x_wconf 78' lang='lat' dir='ltr'>Callima-5</span> 
     </span>
     <span class='ocr_line' id='line_1_31' title="bbox 72 3630 1078 3727; baseline -0.008 -31"><span class='ocrx_word' id='word_1_222' title='bbox 72 3634 138 3696; x_wconf 91' lang='lat' dir='ltr'>tem</span> <span class='ocrx_word' id='word_1_223' title='bbox 154 3631 190 3696; x_wconf 91' lang='lat' dir='ltr'>in</span> <span class='ocrx_word' id='word_1_224' title='bbox 208 3635 319 3697; x_wconf 88' lang='lat' dir='ltr'>aedem</span> <span class='ocrx_word' id='word_1_225' title='bbox 337 3631 546 3716; x_wconf 87' lang='lat' dir='ltr'>Proserpinae</span> <span class='ocrx_word' id='word_1_226' title='bbox 566 3631 729 3727; x_wconf 66' lang='lat' dir='ltr'>deducunt</span> <span class='ocrx_word' id='word_1_227' title='bbox 748 3651 785 3695; x_wconf 87' lang='lat' dir='ltr'>ae</span> <span class='ocrx_word' id='word_1_228' title='bbox 803 3630 910 3695; x_wconf 88' lang='lat' dir='ltr'>iurare</span> <span class='ocrx_word' id='word_1_229' title='bbox 928 3630 1078 3709; x_wconf 55' lang='lat' dir='ltr'>coquunt„</span> 
     </span>
    </p>
   </div>
   <div class='ocr_carea' id='block_1_7' title="bbox 0 0 1242 4026">
    <p class='ocr_par' dir='ltr' id='par_1_8' title="bbox 0 0 1242 4026">
     <span class='ocr_line' id='line_1_32' title="bbox 0 0 1242 4026; baseline 0 0"><span class='ocrx_word' id='word_1_230' title='bbox 0 0 1242 4026; x_wconf 95' lang='lat' dir='ltr'> </span> 
     </span>
    </p>
   </div>
  </div>
 </body>
</html>
