2460 4026
140 221 183 284 34
412 237 471 280 111.
496 235 696 281 lacrumans.
722 215 752 279 5.
779 217 808 281 6.

69 430 71 437 ·
137 413 207 479 silio
241 413 285 477 ad*
312 410 485 475 amicitiam
509 411 739 487 adiunxerant,
763 412 849 492 quod
871 409 907 473 in
931 411 1042 493 captos
1066 410 1130 474 cle-

107 524 256 590 lmen'tia
289 523 418 587 fuerant
452 523 511 586 usi.
546 523 593 586 ita
625 525 743 606 praeda
774 521 900 598 onusti,
931 520 1130 605 locupletato

136 637 293 711 exercitu,
317 634 463 697 maximis
485 634 701 716 rebusgestis
722 631 867 697 Athenas
891 636 1058 699 venerunt.

106 750 125 812 6
178 747 239 811 Η11
273 767 344 810 oum
376 746 502 809 obviam
535 731 683 809 universa
707 745 818 808 civitas
841 745 876 808 in
901 744 1048 809 Piraeum
1073 745 1129 810 de·

133 857 322 932 scendisset,
364 859 458 920 tanta
498 855 561 919 fuit
596 856 739 919 omnium
774 856 968 938 exspectatio
1003 857 1129 921 visendi

133 968 326 1046 Alcibiadis,
356 972 394 1032 ut
426 968 466 1031 ad
499 967 564 1031 eius
595 967 756 1051 triremem
787 968 903 1050 vulgus
935 967 1126 1053 conflueret,

106 1082 266 1166 aproinde
297 1102 333 1145 aa
360 1081 388 1144 si
411 1080 497 1144 solus
522 1078 711 1144 advenisset.
737 1080 781 1143 sio
803 1079 890 1170 ¹enim
914 1079 1034 1162 populo
1058 1083 1129 1143 erat

133 1215 335 1278 persuasum,
367 1196 398 1255 et
428 1192 575 1255 adversas
607 1191 782 1276 superiores
814 1193 846 1253 et
874 1195 1057 1274 praesentes
1080 1213 1128 1256 se·

131 1307 251 1370 oundas
286 1326 336 1368 res
369 1303 518 1367 accidisse
548 1303 615 1366 eius
645 1324 750 1386 opera.
782 1303 892 1387 itaque
922 1305 955 1366 et
984 1301 1126 1368 Siciliam

132 1418 279 1482 amissam
310 1419 342 1479 et
374 1413 694 1478 Lacedaemoniorum
725 1414 874 1479 victorias
905 1415 1017 1498 culpae
1050 1436 1125 1479 suae

131 1528 334 1603 tribuebant,
365 1527 450 1610 quod
474 1525 571 1589 talem
595 1525 700 1589 virum
723 1548 740 1590 1
764 1526 892 1590 civitate
916 1526 1122 1610 expulissent.

130 1660 232 1723 neque
263 1639 296 1702 id
328 1637 395 1719 sine
419 1659 513 1702 causa
537 1637 686 1701 arbitrari
709 1624 911 1701 videbantur.
936 1659 1011 1700 nam
1035 1640 1124 1720 post-
1153 1617 1156 1621 .

129 1772 226 1836 quam
257 1748 408 1813 exercitui
433 1770 576 1832 praeesse
600 1754 762 1831 coeperat,
788 1769 890 1831 neque
914 1751 998 1812 terra
1022 1772 1126 1834 neque

8 1944 11 1951 Ι
100 1862 209 1927 amari
248 1861 355 1925 hostes
390 1882 483 1943 pares
518 1881 584 1923 esse
618 1863 801 1943 potuerant.
837 1860 889 1924 hio
924 1864 961 1923 nt
996 1883 1013 1924 e
1049 1863 1125 1926 navi

130 1992 274 2056 egressus
305 1975 370 2046 est,
395 1991 587 2053 quamquam
611 1968 824 2034 Theramenes
847 1973 879 2034 et
902 1971 1122 2055 Thrasybulus

128 2083 238 2147 iisdem
269 2081 364 2147 rebus
394 2080 600 2166 praefuerant
631 2081 789 2165 simulque
820 2085 976 2146 venerant
1007 2082 1042 2146 in
1066 2083 1121 2148 Pi-

128 2216 253 2277 raeum,
291 2198 398 2259 tamen
429 2216 530 2257 unum
564 2193 656 2257 illum
688 2214 799 2257 omnes
828 2193 1121 2277 prosequebantur,

127 2309 177 2384 et,
201 2308 235 2369 id
258 2306 344 2388 quod
367 2327 542 2388 numquam
567 2308 661 2369 antea
684 2327 743 2368 usu
765 2307 897 2369 uenerat
920 2305 982 2368 nisi
1008 2303 1121 2389 Olym-

128 2418 199 2501 piae
229 2415 419 2497 victoribus‚
452 2415 577 2479 coronis
601 2414 717 2478 laureis
741 2415 918 2498 taeniisque
942 2416 1039 2501 vulgo
1064 2421 1121 2482 do-

128 2527 274 2590 nabatur.
304 2527 358 2590 ille
388 2526 569 2590 lacrumans
600 2525 697 2589 talem
721 2526 978 2591 benevolentiam
1003 2529 1120 2593 civium

127 2659 256 2704 suorum
302 2639 494 2722 accipiebat,
518 2638 746 2702 'reminiscens
793 2638 922 2723 pristini
967 2641 1120 2724 temporis

98 2751 343 2816 nacerbitatem.
376 2752 547 2835 postquam
580 2750 614 2813 in
645 2753 716 2813 astu
748 2750 855 2827 venit,
888 2751 1037 2815 contione
1061 2754 1118 2815 ad-

126 2867 240 2929 vocata
271 2863 314 2926 sic
346 2862 442 2926 verba
472 2861 564 2937 fecit,
598 2864 635 2926 nt
666 2883 760 2926 nemo
792 2865 858 2925 tam
889 2861 974 2926 ferus
1001 2862 1120 2942 fuerit,

127 2976 207 3061 quin
231 2975 298 3040 eius
317 2974 403 3038 casui
422 2973 632 3038 illacrumarit
651 2973 879 3056 inimicumque
898 2973 936 3037 iis
957 2995 989 3038 se
1009 2978 1118 3038 osten-

126 3089 224 3165 derit,
260 3107 395 3171 quorum
426 3106 521 3169 opera
553 3086 659 3170 patria
688 3085 799 3170 pulsus
830 3084 947 3162 fuerat,
982 3087 1117 3169 proinde

125 3220 162 3263 ac
195 3199 221 3262 si
252 3199 332 3262 alius
363 3199 517 3282 populus,
551 3218 618 3261 non
640 3198 695 3262 ille
719 3198 804 3283 ipse,
828 3198 884 3281 qui
908 3201 977 3261 tum
1001 3199 1117 3276 flebat,

97 3328 197 3374 teum
232 3311 389 3395 sacrilegii
425 3311 615 3375 damnasset.
648 3311 797 3375 restituta
828 3329 904 3393 ergo
934 3309 1011 3375 huic
1041 3313 1119 3374 sunt

124 3422 250 3508 publice
281 3423 383 3499 bona,
411 3422 571 3506 iidemque
594 3422 643 3486 illi
666 3421 877 3505 Eumolpidae
900 3443 1008 3487 rursus
1030 3444 1117 3486 rese-

125 3555 213 3598 crare
243 3535 320 3598 sunt
346 3533 465 3611 111111,
498 3531 644 3616 pilaeque
676 3533 766 3610 illae,
791 3532 965 3619 inquibus
990 3533 1116 3623 deuotio

114 3645 227 3709 fuerat
247 3644 385 3729 scripta,
411 3645 447 3708 in
472 3665 558 3709 mare
582 3645 819 3728 praecipitatae.
