2460 4026
133 179 175 242 30
406 194 465 242 v11.
490 193 687 241 anommnns
713 172 811 236 1-3.

133 371 168 434 in
194 368 305 453 primis
328 367 462 432 dicendo
484 367 622 449 valeret,
647 366 733 449 quod
757 367 849 430 tanta
873 369 941 429 erat
964 387 1133 431 comman-

132 481 219 546 datio
251 479 315 543 oris
346 480 442 562 atque
475 477 649 556 orationis,
681 481 718 541 ut
739 497 835 541 nemo
860 477 889 540 ei
919 483 1028 561 posset
1051 478 1130 542 resi·

104 597 233 676 astera,
254 592 358 673 dives,
382 611 454 653 cum
474 590 601 673 tempus
613 590 768 674 posceret,
781 587 966 660 laboriosus,
981 589 1128 674 patiens,

130 703 289 780 liberalis,
319 699 505 786 splendidus
527 721 595 764 non
621 700 726 764 minus
749 699 784 763 in
808 699 875 762 vita
899 721 996 783 quam
1020 701 1128 778 victu,

132 814 287 891 affabilis,
319 811 474 890 blandus,
506 812 704 896 temporibus
738 811 940 876 callidissime
969 812 1129 876 serviens:

102 928 232 1003 tidem,
270 923 365 988 simul
399 946 436 989 ac
472 946 504 989 se
539 925 702 989 remiserat
739 945 841 1008 neque
872 946 967 988 causa
998 925 1131 988 suberat

132 1058 230 1122 quare
262 1037 362 1100 animi
391 1036 533 1100 laborem
565 1034 737 1119 perferret,
766 1035 965 1119 luxuriosus,
990 1035 1128 1099 dissolu-

130 1153 202 1226 tus,
227 1148 435 1225 libidinosus,
459 1147 679 1231 intemperans
703 1146 939 1231 reperiebatur,
958 1149 996 1210 ut
1016 1166 1131 1210 omnes

132 1261 382 1338 admirarentur,
415 1261 450 1323 in
482 1280 546 1323 uno
571 1258 701 1323 homine
724 1260 849 1322 tantam
872 1281 939 1322 esse
964 1257 1128 1323 dissimili·
1185 1281 1189 1286 ·

129 1374 276 1437 tudinem
300 1375 430 1454 tamque
457 1370 613 1434 diversam
638 1373 798 1433 naturam.

103 1485 122 1548 2
176 1483 340 1547 Educatus
376 1486 425 1547 est
459 1483 494 1547 in
530 1485 625 1547 donio
658 1481 789 1546 Periclis
824 1481 1006 1566 (privignus
1041 1481 1128 1546 enim

132 1596 199 1660 eius
231 1595 328 1659 fluisse
353 1594 502 1680 dicitur),
526 1594 669 1658 eruditus
693 1617 712 1656 a
736 1593 873 1659 Socrate.
900 1615 1044 1658 socerum
1068 1594 1128 1658 ha-

131 1707 202 1774 buit
236 1707 472 1792 Hipponicum,
511 1707 655 1771 omnium
692 1705 813 1770 Graeca
848 1704 960 1789 lingna
990 1706 1127 1790 loquen-

131 1819 213 1883 tium
246 1819 456 1896 ditissimum,
488 1822 542 1895 ut,
575 1818 602 1881 si
632 1817 699 1901 ipse
731 1817 853 1901 fingere
883 1817 997 1896 vellet,
1025 1840 1129 1902 noque

131 1930 225 2013 plura
253 1929 339 1993 bona
363 1949 464 2012 neque
488 1928 609 1991 maiora
632 1931 739 2012 posset
763 1930 932 2013 consequi,
957 1952 1054 2013 quam
1077 1928 1129 1994 vel

105 2043 251 2106 amatura
292 2041 342 2106 vel
380 2038 511 2105 fortuna
545 2039 708 2103 tribuerat.
746 2039 877 2104 ineunte
913 2040 1129 2105 adolescentia

132 2155 256 2217 amatus
289 2155 338 2218 est
370 2175 389 2216 a
417 2150 528 2215 multis
552 2172 640 2215 more
666 2149 878 2229 Graecorum,
904 2153 940 2216 in
963 2152 1002 2216 iis
1027 2175 1045 2215 a
1069 2152 1128 2218 So·

132 2267 236 2338 orate,
272 2264 310 2328 de
343 2286 407 2348 quo
439 2263 637 2328 mentionem
668 2262 746 2327 facit
775 2263 868 2327 Plato
896 2264 931 2327 in
956 2265 1129 2349 symposio.

134 2397 272 2459 namquo
297 2397 370 2439 eum
396 2375 524 2439 induxit
548 2377 850 2439 commemorantem
874 2397 907 2439 se
925 2379 1130 2460 pernoctasse

134 2510 207 2552 cum
239 2487 368 2551 Socrate
400 2508 502 2570 neque
528 2486 621 2549 aliter
646 2486 687 2549 ab
710 2507 746 2550 eo
770 2487 959 2563 surrexisse,
983 2507 1020 2550 ac
1043 2486 1132 2551 filius

105 2614 152 2662 aa
182 2600 313 2681 parente
341 2597 496 2662 debuerit.
520 2600 727 2681 posteaquam
749 2597 911 2662 robustior
935 2601 983 2662 est
1004 2598 1129 2676 factus,

138 2729 205 2772 non
228 2708 334 2771 minus
358 2709 477 2772 multos
500 2709 637 2792 amavit,
660 2708 695 2772 in
720 2729 856 2792 quorum
880 2731 1004 2787 amore,
1024 2713 1143 2794 quoad,

136 2819 260 2884 licitum
301 2823 366 2896 est,
402 2819 511 2883 odiosa
546 2819 649 2883 multa
681 2819 813 2884 delicate
840 2820 1005 2903 iocoseque
1036 2819 1129 2886 fecit:

136 2953 217 3016 quae
240 2931 450 3009 referremus,
475 2931 537 2995 nisi
560 2931 681 2995 maiora
704 2931 901 2995 haberemus

106 3047 125 3110 3
179 3044 270 3109 Bello
312 3043 547 3127 Peloponnesio
592 3043 687 3107 huius
721 3043 854 3108 oonsilio
890 3046 985 3128 atque
1020 3045 1133 3109 auoto-

134 3156 229 3220 ritate
273 3155 488 3222 Athenienses
528 3155 647 3219 bellum
686 3154 894 3239 Syracusanis
929 3156 1132 3223 indixerunt:

135 3267 175 3330 ad
205 3271 291 3350 quod
314 3267 488 3352 gerendum
512 3267 580 3351 ipse
604 3266 670 3330 dux
696 3267 836 3330 delectus
861 3271 925 3345 est,
951 3268 1013 3333 duo
1037 3289 1131 3352 prae-

106 3381 228 3443 aterca
262 3381 401 3465 collegae
437 3379 521 3457 dati,
555 3378 663 3443 Nicias
699 3381 732 3442 et
766 3377 953 3444 Lamachus.
989 3379 1023 3442 id
1059 3400 1133 3442 cum

42 3544 45 3549 .
135 3494 361 3576 appararetur,
397 3491 485 3576 prius
521 3513 617 3575 quam
655 3490 762 3555 classis
793 3492 913 3569 exiret,
950 3490 1065 3555 accidit
1096 3492 1134 3552 ut

135 3621 200 3664 una
224 3606 319 3666 nocte
344 3624 453 3667 omnes
475 3602 621 3680 hermae,
646 3601 702 3686 qui
725 3602 761 3666 in
783 3603 900 3687 oppido
925 3607 1033 3680 erant,
1052 3601 1132 3665 deii-
