2460 4026
171 218 212 280 22
460 234 505 276 1v.
531 232 717 278 rrusrrms.
744 215 773 278 3.
799 214 830 277 4.

166 408 244 491 regi.
274 406 351 470 hinc
382 408 492 468 tamen
524 427 556 469 se
590 407 768 491 expedivit,
795 427 898 490 neque
921 426 957 468 eo
981 408 1087 491 magis
1111 430 1165 473 ca-

165 520 257 584 rebat
278 519 474 601 suspicione:
498 539 574 581 nam
598 519 707 602 opinio
728 518 880 582 manebat
900 539 972 581 eum
994 539 1067 582 cum
1088 541 1165 606 rege

165 631 281 694 habere
324 629 516 694 societatem.
553 632 603 693 est
642 651 742 713 genus
779 628 938 712 quoddam
975 628 1163 711 homiuum,

140 743 252 826 equod
273 741 406 808 Hilotae,
423 744 572 817 vocatur,
592 762 728 824 quorum
749 761 869 824 magna
881 740 1054 806 multitudo
1068 764 1164 828 agros

164 852 488 938 Lacedaemoniorum
508 852 585 915 colit
605 873 831 936 servorumque
849 874 982 916 munere
998 851 1161 937 fungitur.

164 963 223 1028 hos
259 986 385 1048 quoque
420 963 591 1027 sollicitare
625 985 680 1047 spe
715 962 875 1027 libertatis
907 964 1162 1032 existimabatur.

137 1075 217 1143 tsed
242 1079 328 1160 quod
351 1075 464 1138 harum
488 1096 594 1138 rerum
617 1074 743 1137 nullum
766 1077 835 1138 erat
855 1078 999 1158 apertum
1020 1077 1161 1157 crimen,

165 1208 227 1270 quo
250 1187 342 1271 argui
363 1187 489 1270 posset,
514 1207 579 1249 non
599 1185 760 1269 putabant
781 1185 820 1248 de
841 1185 900 1248 tali
921 1189 1051 1272 tamque
1073 1189 1161 1255 claro

164 1299 231 1362 viro
255 1297 489 1382 suspicionibus
510 1301 657 1381 oportere
692 1297 825 1362 iudicari
845 1301 878 1361 et
895 1302 1164 1383 exspectandum,

162 1415 238 1474 dum
262 1432 294 1474 se
317 1411 388 1494 ipsa
410 1431 460 1474 res
486 1410 634 1493 aperiret.

135 1523 157 1586 4
209 1521 345 1585 Interim
387 1521 531 1605 Argilius
574 1522 704 1606 quidam
748 1523 1026 1602 adolescentulus,
1068 1547 1164 1610 quem

166 1655 300 1717 puerum
324 1633 499 1698 Pausanias
523 1655 630 1698 amore
653 1635 781 1699 venerio
806 1634 977 1711 dilexerat,
1001 1656 1075 1698 cum
1095 1636 1164 1720 epi-

165 1744 280 1809 stolam
318 1745 358 1808 ab
394 1766 431 1808 eo
466 1745 507 1808 ad
545 1743 738 1808 Artabazum
773 1747 962 1830 accepisset,
999 1747 1092 1830 eique
1128 1747 1187 1839 in„

166 1856 380 1940 suspicionem
399 1857 538 1920 venisset
559 1855 681 1940 aliquid
701 1857 735 1946 in
756 1878 793 1921 ea
813 1858 851 1921 de
864 1879 896 1921 se
910 1879 976 1921 esse
989 1858 1163 1942 scriptum,

164 1969 249 2052 quod
292 1989 387 2031 nemo
424 1989 533 2031 eorum
569 1969 717 2052 redisset,
753 1969 808 2052 qui
844 1991 938 2052 super
972 1969 1030 2032 tali
1066 1992 1164 2036 cansa

163 2081 273 2144 eodem
298 2079 385 2143 missi
409 2085 519 2156 erant,
541 2079 670 2144 vincula
689 2080 842 2164 epistolae
864 2080 985 2144 laxavit
1006 2081 1164 2167 signoque

165 2193 307 2257 detracto
339 2191 510 2276 cognovit,
543 2192 570 2258 si
600 2192 803 2277 pertulisset,
835 2192 897 2256 sibi
928 2214 995 2256 esse
1023 2215 1163 2277 pereun-

135 2304 250 2368 2dum.
284 2307 377 2367 erant
408 2303 443 2367 in
475 2305 584 2368 eadem
617 2304 751 2389 epistola
782 2326 863 2388 quae
895 2303 935 2367 ad
959 2325 996 2366 ea
1017 2305 1163 2387 pertine-

164 2416 260 2492 bant,
292 2437 372 2498 quae
403 2415 488 2479 inter
520 2436 627 2499 regem
652 2416 908 2499 Pausaniamque
932 2421 1161 2485 convenerant.

136 2527 222 2592 ahas
265 2526 319 2591 ille
360 2526 483 2591 litteras
528 2526 655 2611 ephoris
698 2527 839 2590 tradidit.
884 2549 951 2591 non
985 2530 1033 2591 est
1067 2550 1162 2612 prae-

164 2640 318 2702 tereunda
349 2638 490 2721 gravitas
520 2638 845 2702 Lacedaemoniorum
878 2639 940 2702 hoc
971 2639 1060 2703 loco:
1086 2663 1161 2704 nam

163 2772 204 2814 ne
228 2749 323 2814 huius
347 2749 475 2834 quidem
498 2749 617 2814 indicio
642 2750 771 2834 impulsi
795 2752 890 2827 sunt,
910 2752 948 2813 ut
967 2749 1161 2814 Pausaniam

165 2861 489 2944 comprehenderent,
514 2882 617 2944 neque
636 2861 724 2944 prius
744 2861 809 2924 vim
830 2860 1044 2924 adhibendam
1064 2866 1161 2946 puta-

141 2975 301 3050 4verunt,
334 2994 429 3056 quam
461 2994 493 3036 se
516 2972 585 3057 ipse
607 2972 789 3037 indicasset.
814 2972 923 3055 itaque
944 2972 1019 3036 huic
1042 2973 1164 3052 indici,

164 3085 241 3168 quid
272 3083 342 3148 fieri
373 3083 510 3162 vellent,
540 3087 778 3168 praeceperunt.
804 3084 917 3147 fanum
941 3082 1089 3168 Neptuni
1113 3088 1161 3150 est

165 3195 320 3273 Taenari,
351 3197 436 3279 quod
467 3195 580 3261 violari
610 3194 700 3259 nefas
731 3197 850 3279 putant
881 3194 1004 3262 Graeci.
1036 3217 1073 3260 eo
1105 3195 1162 3260 ille

164 3305 311 3390 confugit
356 3307 391 3370 in
437 3329 554 3391 araque
597 3307 748 3395 consedit.
794 3306 878 3370 hane
921 3307 1011 3371 iuxta
1053 3307 1161 3371 locum

164 3415 310 3480 iecerunt
338 3417 396 3482 sub
429 3421 529 3494 terra,
564 3440 602 3482 ex
634 3438 697 3502 quo
721 3421 830 3501 posset
852 3418 1014 3496 exaudiri,
1038 3420 1064 3483 si
1089 3421 1161 3504 quis

162 3531 239 3614 quid
265 3531 448 3614 loqueretur
471 3553 543 3595 cum
567 3530 701 3614 Argilio.
730 3529 792 3593 huc
818 3551 856 3593 ex
879 3530 1007 3614 ephoris
1028 3531 1161 3614 quidam

131 3643 403 3720 adescenderunt.
439 3642 631 3719 Pausanias,
665 3643 703 3705 ut
732 3640 861 3704 audivit
888 3639 1049 3724 Argilium
1082 3663 1161 3706 eon-
