2460 4026
140 218 182 282 74
396 234 452 279 XV.
477 231 713 276 nrnmruounns.
740 213 770 275 5.
798 213 827 274 6.

140 408 205 471 ciae
231 406 330 471 vultis
353 427 435 482 csse,
462 405 573 468 castris
598 409 646 468 est
670 404 759 468 vobis
783 407 956 488 utendum,
981 427 1050 469 non
1077 429 1136 492 pa-

107 519 279 583 ulaestra.‘
316 500 401 580 idem
435 515 490 580 ille
525 515 719 580 Meneclides
753 538 826 579 cum
862 515 936 580 huic
962 517 1135 602 obiiceret,

138 632 223 716 quod
258 629 374 693 liberos
407 650 474 692 non
510 627 642 693 haberet
677 651 778 712 neque
810 650 941 692 uxorem
972 629 1135 708 duxisfflt,

138 744 354 826 maximeque,
391 739 476 824 quod
512 739 573 803 sibi
603 738 855 822 Agamemnonis
887 736 964 802 belli
994 739 1135 823 gloriam

137 855 298 920 videretur
330 855 529 917 consecutus:
571 853 605 914 at
634 851 688 914 ille
720 851 847 915 ‘desine'
876 851 983 934 inquit
1008 852 1134 916 ‘Mene-

137 965 236 1043 clida,
273 966 311 1029 de
344 984 440 1027 uxore
476 963 556 1027 mihi
593 964 803 1047 exprobrare:
839 986 914 1027 nam
944 964 1066 1028 nullius
1099 966 1134 1029 in

137 1075 199 1138 ista
240 1097 274 1140 re
317 1076 423 1139 minus
468 1076 515 1139 uti
556 1075 688 1140 consilio
724 1050 847 1157 solos(
856 1076 1009 1160 (habebat
1045 1078 1134 1140 enim

106 1187 329 1252 oMeneclides
364 1187 576 1271 suspicionem
611 1187 771 1272 adulterii)
813 1188 905 1271 ‘quod
941 1190 1048 1250 autem
1082 1211 1134 1252 mc

138 1297 415 1382 Agamemnonem
447 1298 600 1360 aemulari
623 1302 732 1381 putas,
757 1297 888 1362 falleris.
913 1319 1052 1380 namque
1077 1299 1134 1362 ille

138 1432 211 1473 cum
242 1410 390 1473 universa
421 1407 554 1473 Graecia
585 1410 639 1472 vix
670 1413 778 1474 decem
807 1410 900 1473 annis
923 1431 1022 1472 unam
1046 1411 1136 1494 cepit

138 1518 267 1595 urbem,
300 1541 359 1603 ego
390 1523 502 1584 contra
534 1542 570 1584 ea
601 1543 666 1584 una
691 1521 769 1585 urbe
793 1527 903 1586 nostra
927 1521 1040 1604 dieque
1064 1543 1133 1585 uno

135 1632 237 1693 totam
262 1629 426 1695 Graeciam
451 1631 709 1696 Lacedaemoniis
732 1631 852 1716 fugatis
872 1613 1069 1768 liberaviJ(

114 1730 269 1835 dlIdem
302 1766 373 1808 eum
404 1744 439 1807 in
472 1746 664 1808 conventum
697 1744 836 1808 venisset
867 1742 1047 1825 Arcadum,
1073 1767 1133 1828 pe-

135 1858 206 1916 tens
230 1856 267 1916 ut
286 1855 472 1919 societatem
492 1878 564 1919 cum
584 1855 746 1919 Thebanis
765 1859 797 1918 et
817 1854 947 1937 Argivis
968 1854 1133 1934 facerent,

137 1965 310 2047 contraque
354 1963 572 2043 Callistratus,
611 1966 858 2030 Atheniensium
893 1968 1037 2050 legatus,
1074 1968 1135 2050 qui

134 2075 315 2159 eloquentia
343 2099 452 2142 omnes
483 2100 519 2142 eo
551 2078 734 2162 praestabat
765 2081 923 2162 tompore,
948 2078 1152 2183 postularetl

31 2232 35 2241 .
134 2189 170 2250 ut
203 2189 311 2272 potius
346 2190 519 2254 amicitiam
554 2194 761 2276 sequerentur
796 2190 996 2273 Atticorum,
1030 2192 1063 2253 et
1093 2191 1132 2256 in

103 2282 106 2287 ⁵
133 2302 276 2365 oratione
311 2325 368 2366 sua
403 2302 506 2366 multa
540 2304 685 2369 invectus
717 2307 798 2367 esset
829 2303 864 2366 in
895 2302 1065 2366 Thebanos
1098 2307 1133 2367 et

101 2414 272 2496 2Argivos
302 2414 337 2477 in
369 2414 469 2497 iisque
501 2415 561 2478 hoc
593 2415 767 2498 posuisset,
797 2415 939 2478 animum
964 2413 1132 2478 advertere

134 2524 246 2588 dehere
281 2524 438 2606 Arcades,
474 2525 583 2609 quales
617 2529 752 2610 utraque
788 2526 899 2591 civitas
933 2525 1016 2589 cives
1050 2544 1130 2606 pro-

133 2639 283 2711 creasset,
317 2657 355 2698 ex
386 2636 501 2718 quibus
530 2636 568 2699 de
592 2636 703 2700 ceteris
727 2637 1037 2720 possentiudieare:
1064 2634 1131 2699 Ar-

134 2746 223 2829 givos
254 2747 336 2810 enim
371 2746 468 2811 fuisse
500 2747 644 2812 Orestem
676 2751 708 2811 et
731 2735 959 2833 Alcmaeonem
985 2747 1128 2812 matrici-

134 2859 206 2934 dae,
232 2857 350 2922 Thebis
375 2858 532 2943 Oedipum
554 2864 683 2936 natum,
710 2861 766 2945 qui
791 2883 862 2924 cum
886 2863 1010 2943 patrem
1033 2883 1128 2923 suum

98 2969 358 3048 sinterfecisset,
391 2993 430 3034 cx
460 2975 562 3036 matre
593 2972 709 3036 liberos
743 2978 955 3056 procreasset:
981 2971 1056 3033 huic
1090 2971 1128 3034 in

132 3078 632 3167 respondendo'Epaminondas‚
654 3107 725 3149 cum
743 3086 782 3147 de
802 3081 912 3147 ceteris
926 3085 1125 3164 perorasset,

132 3197 301 3277 postquam
333 3195 372 3258 ad
403 3194 459 3258 illa
487 3196 550 3258 duo
583 3194 754 3279 opprobria
785 3193 949 3277 pervenit,
975 3195 1127 3259 admirari

133 3325 165 3366 se
197 3305 279 3368 dixit
310 3307 479 3371 stultitiam
500 3305 636 3372 rhetoris
659 3306 779 3382 Attici,
804 3305 950 3389 quinon
977 3306 1123 3371 animad-

133 3416 280 3492 verterit,
319 3420 505 3484 innocentes
540 3420 613 3483 illos
646 3421 740 3482 natos
776 3417 878 3493 domi,
915 3418 1030 3482 scelere
1067 3419 1124 3481 ad-

94 3523 97 3528 ’
130 3527 240 3592 misso-
258 3550 331 3593 cum
362 3531 467 3613 patria
498 3535 603 3596 essent
635 3529 773 3613 expulsi,
806 3531 951 3613 receptos
984 3550 1050 3591 esse
1082 3529 1123 3592 ab

40 3634 46 3645 ⁴
100 3637 413 3713 4Atheniensibus„
436 3642 490 3705 scd
529 3641 665 3705 maxime
703 3641 771 3706 eius
807 3639 989 3723 eloquentia
1025 3641 1126 3715 eluxit
