2460 4026
132 211 196 274 124
455 228 533 272 xxv.
558 228 697 272 amicus.
725 205 754 269 1.

127 425 184 466 nes
221 403 347 466 videtur
389 401 575 487 appellasse.
619 401 654 464 in
697 401 812 484 quarto
854 401 961 464 autem
1005 397 1125 463 bellum

128 515 286 579 Punicum
321 516 370 578 est
403 514 560 598 primum,
593 513 629 576 in
659 512 773 595 quinto
805 514 998 576 secundum:
1030 515 1126 596 atque

98 628 206 692 dhaec
236 626 346 689 omnia
377 624 577 709 capitulatim
610 625 688 688 sunt
718 623 815 688 dicta.
846 623 968 706 reliqua
999 644 1125 711 quoque

128 739 212 804 bella
241 738 311 821 pari
342 741 436 801 modo
468 740 652 822 persecutus
683 740 854 820 estusque
879 738 919 798 ad
942 736 1126 818 praeturam
1151 761 1154 765 ¹

128 850 230 915 Servii
261 847 398 926 Galbae,
432 848 488 932 qui
517 847 649 932 diripuit
679 847 868 912 Lusitanos:
892 849 988 930 atque
1012 845 1126 910 horum

115 960 285 1051 ‘bellorum
318 963 412 1025 duces
442 981 509 1024 non
540 959 738 1037 nominavit,
771 959 826 1023 sed
848 959 918 1023 sine
941 958 1127 1022 nominibus

128 1094 178 1136 res
210 1072 346 1137 notavit.
378 1073 412 1137 in
443 1072 556 1136 iisdem
587 1071 749 1157 exposuit,
781 1093 862 1156 quae
886 1071 922 1134 in
945 1070 1044 1134 Italia
1065 1068 1125 1133 Hi·

129 1184 312 1268 spaniisque
344 1187 401 1250 aut
431 1183 546 1248 fierent
574 1187 630 1248 aut
653 1184 838 1248 viderentur
860 1182 1065 1246 admiranda:
1092 1182 1136 1259 in=

126 1296 243 1380 quibus
274 1298 376 1360 multa
398 1296 558 1360 industria
583 1298 615 1360 et
639 1295 806 1380 diligentia
831 1296 1010 1378 comparet,
1035 1293 1126 1358 nulla

126 1406 280 1471 doctrina.

2 1590 5 1595 ¹
99 1532 113 1577 5
173 1516 278 1581 Huius
309 1520 348 1582 de
376 1519 442 1583 vita
471 1522 503 1583 et
534 1518 675 1584 moribus
706 1517 800 1603 plura
825 1517 860 1581 in
884 1538 921 1581 eo
944 1516 1028 1580 libro
1052 1537 1124 1601 per-

125 1629 225 1692 secuti
257 1651 383 1707 sumus,
415 1653 510 1714 quem
534 1631 707 1716 separatim
731 1631 770 1694 de
794 1651 831 1693 eo
845 1628 987 1694 decimus
1008 1629 1125 1712 rogatu

125 1741 162 1806 T.
190 1742 362 1826 Pomponii
385 1743 496 1807 Attici.
522 1766 619 1828 quare
643 1742 802 1807 studiosos
825 1739 957 1805 Catonis
981 1741 1021 1804 ad
1044 1738 1125 1803 illud

125 1854 276 1919 volumen
299 1855 492 1939 delegamus.

513 2073 708 2082 ——-.

424 2233 541 2308 XXV.
567 2233 780 2310 ATTIOUS.

105 2412 123 2476 1
173 2411 209 2475 Τ.
251 2412 448 2497 Pomponius
486 2411 629 2491 Atticus,
666 2415 706 2478 ab
742 2415 865 2499 origine
899 2417 1015 2482 ultima
1051 2419 1126 2484 stir-

126 2523 176 2608 pis
211 2523 376 2588 Romanae
410 2527 599 2608 generatus,
632 2529 786 2611 perpetuo
817 2549 836 2591 a
869 2529 1043 2597 maioribus
1071 2552 1125 2597 ac-

98 2637 253 2719 aceptam
293 2639 470 2719 equestrem
507 2637 649 2702 obtinuit
684 2638 886 2724 dignitatem.
922 2645 1014 2725 patre
1049 2666 1124 2709 usus

127 2750 175 2810 est
206 2746 361 2831 diligente
385 2750 434 2825 et,
459 2751 496 2811 ut
519 2753 588 2812 tum
612 2752 704 2813 erant
727 2753 889 2836 tempora,
914 2753 974 2816 diti
997 2754 1033 2817 in
1057 2756 1124 2840 pri-

90 2867 92 2872 '
127 2856 250 2940 misque
280 2858 422 2923 studioso
453 2860 643 2925 litterarum.
675 2861 745 2939 hic,
776 2865 874 2947 prout
900 2864 969 2948 ipse
993 2866 1125 2933 amabat

125 2967 266 3047 litteras,
291 2970 441 3034 omnibus
465 2971 635 3055 doctrinis,
660 2973 776 3056 quibus
800 2975 930 3058 puerilis
954 2979 1042 3041 aetas
1062 2978 1124 3042 im·

98 3082 239 3167 3pertiri
270 3082 380 3159 debet,
412 3082 514 3147 filium
545 3084 692 3148 erudivit.
725 3087 794 3148 erat
826 3089 932 3150 autom
964 3087 999 3151 in
1024 3111 1125 3172 puero

125 3196 252 3277 praeter
274 3193 470 3259 docilitatem
493 3196 618 3280 ingenii
641 3219 765 3261 summa
785 3197 925 3262 suavitas
945 3199 1009 3264 oris
1027 3204 1126 3286 atque

126 3304 231 3382 vocis,
263 3307 301 3369 ut
330 3326 398 3370 non
429 3306 533 3370 solum
564 3308 707 3372 celeriter
730 3308 889 3392 acciperet
911 3331 992 3394 quae
1015 3312 1124 3376 trade·

126 3413 262 3493 bantur,
294 3418 348 3481 sod
384 3418 480 3481 etiam
511 3419 703 3484 excellenter
733 3419 968 3505 pronuntiaret.
997 3443 1061 3506 qua
1084 3445 1124 3488 ex

127 3548 160 3590 re
188 3525 224 3590 in
253 3528 391 3610 pueritia
423 3529 541 3594 nobilis
573 3531 658 3595 inter
688 3531 834 3617 aequales
865 3531 1026 3620 ferebatur
1057 3533 1123 3598 cla·

120 3639 254 3723 riusque
285 3640 580 3727 exsplendescebat‚
614 3665 710 3728 quam
741 3645 888 3729 generosi
912 3645 1123 3732 condiscipuli
