2460 4026
158 172 221 237 128
452 191 531 235 xxv.
558 192 696 237 anricus.
723 171 753 234 5.
780 173 810 235 6.

156 386 228 428 cum
261 362 398 445 Quinte,
433 365 470 427 ut
501 363 635 428 iudicari
659 364 760 448 possit
781 364 854 449 plus
877 365 913 428 in
933 366 1074 431 amicitia
1098 390 1155 432 va-

124 477 218 541 elere
249 474 491 539 similitudinem
527 496 651 539 morum
685 497 782 559 quam
812 475 1012 560 affinitatem.
1038 479 1155 546 uteba·

155 593 208 653 tur
238 589 344 650 autem
383 587 497 651 intime
524 585 560 662 Q.
594 586 786 664 Hortensio,
818 588 874 671 qui
893 588 932 653 iis
955 592 1156 675 temporibus

155 700 374 785 principatum
417 697 618 781 eloquentiae
659 698 809 782 tenebat,
841 703 877 763 ut
915 699 1056 787 intelligi
1091 725 1159 768 non

157 813 283 896 posset,
316 812 388 874 uter
419 832 491 874 eum
524 809 596 893 plus
624 809 791 900 diligeret,
816 807 926 875 Cicero
948 832 991 875 an
1014 811 1158 879 Horten-

157 924 239 987 sius:
273 925 305 985 et
335 922 394 1004 ie,
420 923 507 1004 quod
535 922 603 984 erat
636 920 877 1000 difficillimum,
906 922 1082 1002 efficiebat,
1103 929 1159 1010 ut,

157 1034 244 1098 inter
273 1055 352 1118 quos
376 1035 469 1097 tanta
492 1032 595 1096 laudis
620 1035 703 1097 esset
727 1034 916 1112 aemulati0,
941 1034 1033 1099 nulla
1055 1036 1158 1102 inter-

162 1147 288 1210 cederet
312 1143 504 1209 obtrectatio
528 1146 673 1228 essetque
698 1145 810 1209 talium
834 1129 975 1211 virorum
998 1149 1123 1232 copula.

135 1260 154 1322 6
202 1257 242 1322 In
274 1279 309 1321 re
347 1256 477 1341 publica
511 1256 559 1319 ita
593 1258 642 1320 est
677 1259 839 1341 versatus,
868 1262 905 1322 ut
923 1279 1048 1342 semper
1071 1262 1157 1345 opti-

156 1391 281 1433 marum
313 1369 455 1453 partium
479 1370 513 1432 et
536 1371 618 1433 esset
642 1371 675 1433 et
699 1368 952 1448 existimaretur,
977 1393 1083 1455 neque
1106 1375 1158 1436 ta·

159 1502 233 1544 men
269 1501 302 1544 se
338 1478 483 1544 civilibus
518 1479 668 1544 fluctibus
704 1481 936 1559 committeret,
970 1482 1056 1566 quod
1089 1503 1158 1548 non

63 1664 67 1670 ¹
158 1590 262 1674 magis
295 1596 348 1655 eos
378 1576 416 1654 in
446 1612 504 1655 sua
526 1594 685 1675 potestate
710 1592 914 1672 existimabat
936 1614 1018 1678 esse,
1045 1595 1159 1678 quise

131 1703 210 1768 ahts
242 1703 420 1781 dedissent,
452 1725 549 1787 quam
580 1703 636 1786 qui
666 1704 835 1768 maritimis
864 1703 1073 1773 iactarentur.
1097 1707 1158 1771 ho·

160 1835 254 1878 nores
287 1835 354 1878 non
386 1814 499 1898 petiit,
532 1836 604 1879 cum
631 1815 660 1877 ei
684 1818 832 1899 paterent
854 1817 985 1899 propter
1007 1815 1059 1881 vel
1080 1839 1157 1902 gra-

159 1925 236 1986 tiam
262 1926 312 1988 vel
336 1925 548 2008 dignitatem:
571 1926 657 2008 quod
681 1947 783 2008 neque
806 1926 874 2010 peti
893 1947 980 1990 more
999 1927 1157 1993 maiorum

159 2056 263 2119 neque
294 2035 366 2119 capi
389 2036 523 2119 possent
545 2035 741 2099 conservatis
766 2036 892 2120 legibus
915 2036 950 2100 in
973 2040 1041 2101 tam
1065 2039 1157 2105 effusi

158 2147 298 2212 ambitus
326 2146 551 2232 largitionibus
582 2169 685 2232 neque
718 2149 786 2232 geri
817 2170 835 2212 e
864 2170 899 2212 re
926 2148 1056 2232 publica
1087 2149 1157 2214 sine

129 2260 298 2345 apericulo
330 2258 488 2342 corruptis
519 2259 658 2323 civitatis
691 2259 843 2323 moribus.
877 2263 918 2324 ad
945 2260 1072 2324 hastam
1096 2284 1156 2345 pu·

158 2372 276 2436 blicam
312 2391 488 2453 numquam
524 2371 665 2435 accessit.
702 2371 821 2434 nullius
853 2371 899 2435 rei
930 2393 1034 2456 neque
1065 2394 1157 2456 praes

154 2459 264 2566 neque
294 2501 444 2565 manceps
475 2479 580 2544 tactus
612 2484 671 2546 est.
706 2483 866 2546 neminem
890 2503 993 2566 neque
1017 2503 1074 2547 suo
1098 2505 1157 2548 no·

158 2593 245 2658 mine
279 2613 382 2676 neque
412 2592 615 2658 subscribens
648 2594 825 2659 accusavit:
850 2595 885 2658 in
908 2595 957 2659 ius
981 2594 1020 2658 de
1043 2616 1100 2659 sua
1122 2616 1157 2660 re

129 2721 336 2787 enumquam
371 2703 427 2767 iit:
464 2703 617 2768 iudicium
659 2705 785 2769 nullum
819 2706 944 2771 habuit.
981 2707 1158 2772 multorum

160 2815 328 2880 consulum
360 2819 604 2901 praetorumque
636 2818 852 2902 praefecturas
884 2817 1006 2882 delatas
1034 2819 1080 2882 sic
1103 2839 1156 2882 ac-
1192 2900 1195 2905 Ι

158 2927 260 3011 cepit,
286 2930 323 2990 ut
346 2927 507 2991 neminem
530 2928 565 2991 in
589 2928 787 3012 provinciam
808 2928 852 2992 sit
871 2930 1014 3005 secutus,
1034 2920 1157 2992 honore

159 3038 257 3104 fuerit
289 3041 479 3118 contentus,
511 3040 557 3103 rei
588 3039 757 3103 familiaris
790 3039 968 3123 despexerit
997 3038 1155 3104 fructum:

156 3153 212 3237 qui
244 3174 286 3216 ne
319 3173 391 3217 cum
415 3151 534 3226 Quinto
559 3151 687 3235 quidem
713 3148 866 3216 Cicerone
890 3151 1030 3216 voluerit
1051 3151 1098 3216 ire
1121 3151 1157 3215 in

154 3262 285 3342 Asiam,
313 3285 385 3327 cum
416 3263 500 3347 apud
526 3285 600 3327 eum
622 3263 723 3348 legati
748 3262 853 3326 locum
878 3263 1021 3327 obtinere
1040 3265 1156 3348 posset

156 3397 224 3440 non
260 3361 364 3440 enim'
382 3378 492 3439 decere
526 3396 559 3438 se
594 3373 830 3457 arbitrabatur,
866 3395 939 3439 cum
974 3378 1157 3460 praeturam

131 3501 265 3573 egerere
296 3487 468 3563 noluisset,
503 3485 654 3550 asseclam
689 3506 755 3549 esse
782 3485 948 3569 praetoris.
977 3486 1100 3570 quain
1123 3508 1158 3551 re

158 3619 225 3664 non
254 3598 358 3663 solum
388 3599 540 3683 dignitati
572 3598 747 3677 serviebat,
772 3599 827 3663 sed
851 3597 948 3663 etiam
972 3600 1157 3683 tranquilli-
