2460 4026
294 606 574 692 CORNELII
594 541 836 694 NEPOTIS

502 857 614 912 VITAE

210 1056 557 1159 uxouuununuu
580 1092 913 1158 inuuunuouuu.

471 1495 657 1541 PRAEFATIO.

109 1703 190 1768 Non
213 1703 325 1768 dubito
348 1703 415 1768 fore
439 1705 624 1789 plerosque,
648 1705 773 1782 Attice,
798 1707 852 1789 qui
872 1705 934 1770 hoc
952 1719 1083 1790 genosi

62 1816 241 1898 ucripturae
264 1815 333 1880 leve
355 1819 388 1879 et
411 1838 477 1880 non
501 1817 578 1882 satis
599 1817 734 1902 dignum
756 1840 950 1882 summorum
970 1818 1055 1883 viro·

66 1949 138 1992 rum
159 1928 303 2010 personis
321 1927 478 2005 iudicent,
500 1950 571 1992 cum
591 1930 727 1993 relatum
747 1928 873 2013 legent,
893 1929 963 2014 quis
984 1952 1055 1993 mu·

61 2038 164 2102 ¹sicum
189 2032 333 2102 docueiit
357 2037 630 2121 Epaminondum',
656 2040 769 2103 autin
795 2039 860 2123 cius
884 2040 1055 2104 virtutibus

66 2150 325 2227 commemorari,
369 2149 499 2215 saltasse
542 2173 614 2214 eum
657 2153 822 2214 commode
857 2151 1054 2235 scienterque

64 2262 154 2326 tibiis
183 2264 344 2340 cantasse,
368 2263 422 2327 sed
446 2262 469 2325 ii
493 2266 588 2327 erunt
609 2262 693 2340 fere,
720 2263 775 2346 qui
799 2269 942 2346 expertes
964 2263 1081 2327 litte-2

64 2397 175 2439 rarum
207 2373 399 2478 Gruecarum
429 2375 510 2439 nihil
542 2378 682 2458 rectum,
717 2375 778 2439 nisi
802 2376 888 2459 quod
911 2374 1052 2457 ipsorum
1154 2452 1157 2457 ι

64 2486 206 2550 moribus
239 2487 426 2564 conveniat,
458 2487 629 2570 putabunt.
678 2487 712 2550 hi
741 2487 766 2551 si
791 2486 960 2551 didicerint
982 2501 1076 2550 nonu

65 2597 176 2662 eodem
207 2599 356 2662 omnibus
386 2619 452 2662 csse
475 2598 610 2662 honesta
634 2601 729 2682 atque
754 2599 878 2682 turpia,
903 2597 956 2662 scd
980 2620 1050 2661 om-

63 2710 120 2772 nia
151 2709 306 2773 maiorum
338 2709 495 2774 institutis
526 2710 676 2787 iudicari,
711 2732 778 2774 non
810 2711 1052 2774 admirabuntur

63 2843 121 2885 nos
147 2820 180 2884 in
208 2820 376 2886 Graiorum
401 2822 572 2886 virtutibus
597 2823 793 2905 exponendis
816 2843 919 2885 mores
942 2800 1051 2885 eorum

62 2937 197 2998 secutos.
232 2955 334 3016 neque
363 2933 447 2997 onim
480 2933 607 2998 Cimoni
637 2933 700 2997 fuit
714 2937 839 3019 ¹turpe,
869 2931 1079 2997 Athenien-4

63 3045 147 3109 sium
178 3066 300 3108 summo
333 3044 418 3122 viro,
452 3066 591 3108 sororem
622 3045 738 3109 hubenc
767 3044 801 3108 in
825 3043 1049 3124 matrimonio,

63 3157 181 3241 quippe
217 3178 289 3220 cum
326 3156 408 3220 cives
444 3157 509 3221 eius
548 3158 657 3221 eodem
693 3159 859 3221 uterentur
889 3154 1047 3220 instituto.

63 3270 98 3332 at
129 3269 162 3332 id
194 3269 323 3352 quidem
354 3268 472 3332 nostris
503 3268 644 3332 moribus
677 3269 767 3332 nefa's
790 3268 934 3331 hebetur.
961 3265 1049 3330 laudi

60 3380 98 3443 in
133 3377 227 3444 Creta
263 3379 390 3443 ducitur
425 3380 667 3444 adolescentulis
691 3377 965 3463 quamplurimos
989 3378 1047 3441 ha-

63 3490 168 3556 buisse
211 3493 377 3554 amatoreu
435 3491 525 3555 nulla
567 3489 804 3555 Lacedaemone
846 3490 945 3555 vidua¹¹
982 3493 1049 3553 tam

59 3604 113 3665 est
144 3602 279 3679 nobilis,
311 3624 392 3685 quae
424 3625 490 3667 non
520 3606 559 3667 ad
589 3624 700 3667 cenam
730 3605 782 3667 cut
806 3602 956 3666 uieucede
976 3622 1059 3663 con-

998 3709 1023 3753 u
