2460 4026
518 207 549 249 x.
573 203 662 249 mou
689 185 719 248 4.
745 184 775 249 5.
1078 188 1120 251 49

124 378 366 463 cupiditatibus.
402 401 478 442 nam
512 398 611 463 puero
642 378 730 462 prius
762 399 858 464 quam
889 378 990 462 pubes
1021 384 1149 456 esset,4

124 492 232 554 scorta
251 489 507 587 adducebantur,
528 489 604 554 vino
618 488 783 575 epulisque
795 489 1007 568 obruebatur,
1020 513 1123 575 neque

75 588 78 597 ⁵
127 601 228 665 ullum
261 603 388 685 tempus
419 600 525 665 sobrio
545 601 796 686 relinquebatur.
816 601 843 664 is
862 623 962 685 usque
981 623 1018 665 eo
1037 603 1151 666 vitaer

126 717 248 779 statum
268 715 499 778 commutatum
519 712 602 777 ferre
619 734 687 777 non
698 713 822 797 potuit,
837 715 1007 797 postquam
1018 715 1052 777 in
1065 737 1122 799 pa·

126 825 222 889 triam
253 824 349 888 rediit
378 827 470 908 pater
500 824 653 909 (namque
683 824 822 909 appositi
844 830 936 890 erant
959 827 1122 904 custodes,

126 936 183 1020 qui
213 958 286 1000 eum
318 958 337 999 a
369 935 506 1019 pristino
531 935 618 1000 victu
642 937 865 1022 deducerent),
890 940 927 999 ut
950 959 983 1001 se
1006 940 1045 1001 de
1069 960 1122 1002 su-

126 1048 251 1132 periore
284 1050 376 1132 parte
410 1046 535 1110 aedium
571 1048 719 1112 deiecerit
753 1051 848 1132 atque
878 1049 925 1112 ita
955 1050 1123 1114 interierit.

162 1158 182 1222 d
206 1157 283 1222 illuc
305 1161 456 1223 revertor.

125 1180 349 1369 Elffatquam
373 1267 565 1334 Corinthum
588 1271 735 1354 pervenit
757 1270 843 1335 Dion
867 1274 900 1336 et
920 1275 1029 1337 eodem
1050 1274 1153 1357 per-5

127 1374 215 1467 fugit
247 1381 432 1445 Heraclides
466 1381 507 1445 ab
542 1383 651 1446 eodem
683 1383 833 1467 expulsus
863 1381 1036 1467 DionysiO,
1069 1385 1124 1468 qui

128 1495 308 1582 praefectus
332 1493 438 1558 fuerat
462 1493 624 1577 equitum,
649 1495 737 1558 omni
757 1495 880 1559 ratione
901 1495 1021 1559 bellum
1040 1517 1125 1560 com-

128 1628 242 1694 parare
266 1609 449 1704 coeperunt.
471 1606 525 1668 sed
545 1616 615 1668 non‘
632 1605 770 1669 multum
790 1606 1017 1690 proficiebant,
1039 1608 1153 1691 quoda

128 1721 304 1784 multorum
338 1738 498 1781 annorum
522 1718 670 1801 tyrannis
694 1738 885 1802 magnarum
907 1737 1006 1801 opum
1029 1723 1125 1802 puta·

128 1831 240 1895 batur:
277 1850 374 1913 quam
405 1828 448 1893 ob
481 1850 609 1893 causam
639 1829 733 1913 pauci
763 1831 803 1893 ad
834 1829 1018 1911 societatem
1040 1830 1125 1913 peri·

129 1943 192 2007 culi
223 1940 492 2026 perducebantur.
525 1941 580 2006 sed
612 1940 716 2019 Dion,
748 1941 848 2005 fretus
879 1961 946 2004 non
970 1944 1037 2005 tam
1062 1942 1154 2006 suisa

128 2054 246 2139 copiis‘
264 2047 377 2137 quam'
398 2053 471 2118 odio
506 2054 657 2137 tyranni,
692 2053 842 2118 maximo.
864 2053 972 2115 animo
1005 2053 1127 2116 duabus

128 2164 284 2230 onerariis
317 2163 455 2228 navibus
487 2165 725 2249 quinquaginta
756 2186 915 2228 annorum
939 2163 1125 2246 imperium,

128 2275 290 2340 munitum
322 2275 508 2360 quingentis
538 2274 645 2359 longis
675 2274 828 2352 navibus,
854 2276 960 2338 decem
983 2274 1126 2357 equitum

127 2390 321 2472 centumque
344 2387 488 2471 peditum
513 2387 677 2469 millibus,
698 2386 859 2470 profectus
884 2388 1126 2470 oppugnatum,

128 2501 215 2583 quod
246 2498 397 2563 omnibus
427 2496 578 2583 gentibus
608 2497 793 2562 admirabile
824 2500 873 2562 est
902 2500 1023 2572 visum,
1048 2499 1126 2561 adeo

127 2610 221 2676 facile
249 2610 402 2695 perculit,
425 2613 462 2674 ut
485 2614 560 2694 post
583 2610 665 2674 diem
692 2611 837 2687 tertium,
863 2631 959 2693 quam
984 2607 1124 2674 Siciliam

95 2721 300 2807 ,attigeras
332 2719 503 2804 Syracusas
535 2721 705 2786 introierit.
738 2743 776 2786 ex
806 2741 869 2805 quo
901 2720 1041 2804 intelligi
1066 2742 1126 2805 po·

127 2838 192 2898 test
222 2832 348 2897 nullum
381 2853 448 2898 esse
480 2832 650 2916 imperium
680 2835 787 2896 tutum
818 2833 881 2896 nisi
904 2832 1128 2897 benevolentia

128 2943 301 3007 munitum.
317 2953 368 3012 leo
399 2947 544 3028 tempore
576 2945 686 3008 aberat
715 2942 889 3027 Dionysius
918 2947 950 3008 et
973 2944 1009 3006 in
1032 2943 1155 3007 Italiae

72 3049 75 3056 '
128 3053 260 3119 classem
292 3054 519 3140 opperiebatur
555 3055 829 3133 adversariorum,
853 3059 942 3120 ratus
965 3055 1125 3118 neminem

127 3165 197 3231 sine
228 3166 355 3250 magnis
387 3167 487 3250 copiis
520 3169 560 3231 ad
593 3189 626 3232 se
657 3171 846 3233 venturum:
877 3188 958 3252 quae
982 3188 1032 3231 res
1056 3188 1127 3231 eum

126 3277 251 3344 fefellit.
284 3300 362 3343 nam
392 3277 479 3343 Dion
509 3279 549 3344 iis
581 3278 677 3363 ipsis,
702 3279 758 3364 qui
780 3279 839 3344 sub
864 3276 1035 3341 adversarii
1057 3276 1155 3343 fue-s

127 3392 202 3455 rent
226 3392 407 3475 potestate,
431 3391 537 3474 regios
557 3391 692 3475 spiritus
712 3390 863 3475 repressit
881 3387 1043 3472 totiusque
1061 3391 1128 3454 eius

128 3502 228 3585 partia
259 3501 386 3569 Siciliae
417 3503 541 3586 potitus
572 3506 638 3580 est,
663 3524 744 3587 quae
767 3501 825 3566 sub
849 3500 999 3583 Dionysii
1021 3500 1128 3565 fuerat

129 3617 304 3696 potestate,
335 3613 468 3700 parique
500 3616 595 3679 modo
627 3614 715 3679 urbis
747 3613 972 3697 Syracusarum
1002 3616 1128 3696 praetor

1041 3722 1062 3766 a
