2460 4026
123 192 166 256 64
420 207 487 251 xrv.
512 206 666 250 narinus.
692 186 723 249 4.
747 184 777 248 5.

122 384 212 468 sequi
243 384 349 449 iubet:
381 380 448 465 ipse
480 401 561 464 equo
586 379 746 444 concitato
772 378 812 442 ad
836 376 961 441 hostem
983 376 1121 444 vehitur.

16 506 21 516 '
123 513 217 575 quem
249 492 360 575 procul
392 490 490 576 Aspis
523 491 721 575 conspiciens
750 492 791 553 ad
815 511 848 553 se
870 486 1026 553 ferentem
1050 510 1123 573 per·

123 603 263 668 timescit
306 607 401 686 atque
444 626 462 666 a
499 608 615 667 conatu
650 602 819 666 resistendi
854 600 1024 666 deterritus
1059 621 1125 664 seso

125 715 256 778 dedidit.
288 713 376 778 hunc
400 712 552 779 Datames
579 708 725 780 uinctum
748 714 788 777 ad
811 733 919 798 regem
942 712 1125 776 ducendum

126 826 258 890 tradidit
281 825 473 891 Mithridati.

104 938 122 1000 5
170 936 259 1000 Haec
293 937 370 1002 dum
405 940 581 1024 geruntur,
618 937 810 1003 Artaxerxes
845 936 1071 1013 reminiscens,
1108 957 1127 999 a

125 1050 247 1131 quanto
271 1048 355 1112 bello
378 1051 419 1112 ad
443 1072 539 1135 quam
562 1071 694 1133 parram
718 1071 785 1114 rem
809 1048 987 1132 principem
1010 1048 1128 1112 ducum

128 1159 283 1238 misisset,
317 1182 350 1227 se
381 1160 449 1245 ipse
481 1161 687 1246 reprehendit
713 1163 745 1224 et
768 1159 920 1225 nuntium
943 1161 984 1223 ad
1009 1158 1128 1223 exerci-

126 1274 195 1335 tum
226 1268 314 1335 Acen
346 1271 452 1349 misit,
477 1275 562 1356 quod
586 1273 729 1336 nondum
753 1272 923 1336 Datamem
947 1269 1129 1354 profectum

128 1382 279 1466 putabat,
316 1404 358 1446 ne
394 1384 435 1447 ab
468 1384 609 1448 exercitu
641 1384 825 1448 discederet.
859 1382 911 1447 hic
942 1383 1130 1467 priusquam

127 1496 326 1581 perveniret,
360 1516 422 1578 quo
455 1498 525 1560 erat
556 1495 735 1580 profectus,
765 1495 800 1558 in
823 1494 937 1558 itinere
959 1495 1128 1571 convenit,

100 1607 185 1692 aqui
217 1606 332 1691 Aspim
367 1607 536 1672 ducebant.
574 1629 637 1690 qua
672 1601 834 1671 celeritate
869 1627 941 1670 cum
976 1627 1131 1692 magnam

129 1719 385 1784 benevolentiam
415 1719 501 1803 regis
531 1719 682 1783 Datames
712 1710 900 1783 consecutus
931 1722 1031 1803 esset,
1063 1741 1131 1784 non

130 1831 235 1895 minor
268 1853 340 1895 eum
373 1831 496 1896 invidia
531 1831 706 1895 aulicorum
741 1830 882 1914 excepit,
918 1834 1003 1915 quod
1038 1831 1129 1896 illum

131 1965 230 2007 unum
271 1942 372 2025 pluris
414 1964 509 2026 quam
544 1964 577 2006 se
612 1963 723 2006 omnes
758 1941 828 2005 fieri
864 1942 1027 2008 uidebant.
1064 1963 1129 2028 quo

130 2054 216 2117 facto
258 2054 368 2118 cuncti
410 2054 450 2117 ad
492 2075 564 2118 eum
605 2053 851 2137 opprimendum
887 2057 1129 2120 consenserunt.

104 2166 208 2231 abaco
226 2166 428 2244 Pandantes,
451 2186 547 2251 gazae
564 2170 671 2230 custos
693 2165 819 2250 regiae,
843 2166 964 2230 amicus
983 2166 1131 2245 Datami,

133 2279 309 2363 perscripta
340 2279 370 2342 ei
401 2278 519 2364 mittit,
543 2278 578 2342 in
603 2278 720 2362 quibus
745 2280 838 2342 docet
862 2298 933 2341 eum
953 2277 989 2340 in
1013 2297 1132 2360 magno

132 2388 200 2453 tore
241 2389 399 2472 pericu10,
443 2389 471 2452 si
515 2388 592 2473 quid
636 2389 692 2452 illo
727 2388 907 2472 imperante
942 2388 1067 2453 adversi
1100 2387 1135 2451 in

105 2500 284 2586 crtegypto
326 2500 501 2565 accidisset.
548 2521 685 2583 namque
722 2521 793 2563 eam
827 2521 893 2563 esse
927 2500 1133 2564 consuetudi·

134 2592 208 2675 nem
238 2632 369 2696 regum,
400 2613 438 2675 ut
468 2631 559 2675 casus
587 2611 734 2675 aduersos
758 2610 943 2675 hominibus
967 2611 1133 2695 tribuant,

135 2724 289 2787 secundos
322 2722 471 2786 fortunae
507 2743 599 2786 suae:
634 2743 697 2805 quo
730 2721 800 2786 fieri
830 2725 866 2786 ut
896 2721 989 2787 facile
1020 2722 1134 2807 impel-

136 2834 246 2898 lantur
277 2835 318 2898 ad
350 2854 459 2923 eorum
482 2833 671 2917 perniciem,
696 2855 832 2917 quorum
857 2834 954 2897 ductu
978 2854 1028 2897 res
1053 2833 1136 2896 male

135 2949 242 3031 gestae
271 2945 473 3014 nuntientur.
504 2946 596 3011 illum
627 2945 688 3010 hoc
719 2946 838 3010 maiore
869 2945 937 3010 fore
960 2945 996 3008 in
1020 2944 1135 3009 discri-

137 3057 241 3136 mine,
266 3057 369 3141 quod,
391 3057 506 3142 quibus
525 3080 581 3122 rex
600 3058 739 3122 maxime
757 3056 924 3135 oboediat,
945 3077 999 3120 eos
1018 3055 1138 3121 habeat

109 3169 381 3235 cinimicissimos.
413 3168 532 3233 tab'bus
565 3169 619 3233 ille
651 3166 768 3232 litteris
791 3168 949 3250 cognitis,
974 3188 1047 3231 cum
1071 3166 1136 3230 iam

138 3283 179 3343 ad
208 3282 380 3346 exercitum
404 3279 495 3345 Acen
519 3281 674 3358 venisset,
699 3281 787 3363 quod
812 3300 878 3343 non
901 3279 1074 3363 ignorabat
1099 3299 1137 3342 ea

138 3412 211 3455 vere
242 3415 309 3458 esse
337 3393 474 3478 scripta,
498 3393 669 3458 desciscere
693 3413 712 3455 a
736 3411 810 3476 rege
833 3390 1010 3455 constituit.
1034 3409 1138 3474 neque

138 3506 247 3567 tamen
270 3505 440 3589 quicquam
463 3503 557 3581 fecit,
582 3504 668 3587 quod
692 3502 754 3566 fide
778 3524 835 3566 sua
855 3507 936 3567 esset
952 3503 1138 3586 indignum.

113 3627 213 3680 anam
243 3614 460 3681 Mandroclem
490 3614 676 3700 Magnetem
700 3615 854 3680 exercitui
874 3614 1045 3699 praefecit:
1070 3614 1139 3699 ipse
