2460 4026
460 237 556 281 xxm.
582 233 760 279 naumann.
1035 209 1097 276 117

105 417 166 481 bus
200 436 267 479 non
303 413 405 477 solum
439 415 476 475 ut
499 411 581 475 esset
603 408 757 492 pecunia,
780 427 860 490 quac
882 404 1036 469 Romanis
1061 426 1099 468 ex

104 528 231 593 foedere
266 525 475 610 penderetur,
511 523 567 588 sed
602 521 699 584 etiam
727 519 920 602 superesset,
952 537 1032 599 quae
1062 516 1098 579 in

106 640 228 705 aerario
263 640 480 722 reponeretur.
517 636 631 700 deinde
666 655 753 700 anno
788 641 863 722 post
894 635 939 699 Μ.
964 627 1126 695 Claudios

106 751 143 815 L.
177 749 275 815 Furio
310 748 513 826 consulibus,
549 749 653 814 Roma
684 750 783 834 legati
806 747 1019 838 Oathaginem
1041 765 1096 807 ve-

106 866 235 927 nerunt.
271 862 329 925 hos
364 859 529 925 Hannibal
563 865 653 925 ratus
689 861 739 926 sui
772 858 963 945 exposcendi
992 853 1097 940 gratia

106 975 235 1056 missos,
261 974 446 1058 priusquam
467 973 506 1037 iis
530 977 660 1038 senatus
684 976 828 1058 daretur,
853 992 968 1036 navem
986 989 1096 1032 ascen·

108 1088 155 1151 dit
190 1086 270 1151 clam
307 1088 403 1171 atque
430 1086 465 1150 in
500 1085 625 1170 Syriam
658 1088 698 1151 ad
722 1085 920 1151 Antiochum
943 1079 1095 1167 profugit.

106 1198 167 1263 hac
202 1219 236 1262 re
272 1198 377 1282 palam
412 1196 498 1263 facta
532 1198 632 1262 Poeni
664 1221 760 1264 naves
791 1201 886 1274 duas,
920 1215 1002 1280 quae
1025 1203 1125 1255 euml

107 1310 428 1394 comprehenderent,
476 1309 503 1373 si
545 1312 676 1393 possent
718 1307 886 1393 consequi,
922 1304 1095 1368 miserunt:

107 1422 193 1486 bona
223 1422 289 1486 eius
319 1420 541 1504 publicarunt,
567 1424 697 1486 domum
721 1443 739 1485 a
762 1416 980 1485 fundamentis
1000 1413 1094 1477 disie-

107 1536 237 1611 cerunt,
262 1533 367 1615 ipsum
390 1531 515 1596 exulem
537 1533 732 1598 iudicarunt.

151 1645 199 1709 At
232 1643 399 1708 Hannibal
434 1666 521 1709 anno
557 1647 669 1732 tertio,
701 1650 870 1730 postquam
904 1643 997 1705 domo
1021 1637 1129 1723 pro-8

106 1758 252 1843 fugerat,
289 1755 326 1821 L.
362 1754 510 1820 Cornelio
546 1756 582 1833 Q.
608 1750 761 1822 'Minucio
797 1754 998 1836 consulibus,
1024 1772 1096 1815 cum

106 1869 249 1954 quinque
282 1868 418 1931 navibus
453 1867 597 1932 Africam
628 1869 759 1934 accessit
789 1868 823 1932 in
855 1867 974 1931 finibus
998 1861 1096 1946 (lyre-

106 2001 279 2056 naeorum,
299 1979 326 2042 si
346 1977 428 2043 forte
449 1977 731 2064 Carthaginienses
751 1981 791 2045 ad
809 1980 929 2045 bellum
941 1971 1097 2040 Antiochi
1167 1964 1171 1975 ¹

106 2112 161 2173 spe
191 2089 371 2172 fiduciaque
401 2088 551 2154 inducero
575 2094 699 2175 posset,
721 2091 773 2154 cui
795 2091 859 2153 iam
879 2087 1095 2173 persuaserat,

105 2207 143 2267 ut
178 2222 250 2266 curn
286 2199 476 2264 exercitibus
512 2201 546 2264 in
581 2202 709 2266 Italiam
744 2202 1007 2285 proficisceretur.
1032 2196 1124 2258 huea

104 2312 278 2397 Magonem
324 2310 456 2375 fratrem
491 2312 617 2401 excivit.
661 2314 694 2377 id
729 2313 785 2378 ubi
820 2312 921 2377 Poeni
960 2308 1095 2375 rescive-

104 2427 200 2501 runt,
236 2424 409 2508 Magonem
441 2426 567 2507 eadem,
593 2446 656 2508 qua
679 2425 829 2501 fratrem,
853 2446 957 2508 poena
980 2421 1096 2484 absen-

104 2540 170 2602 tem
205 2537 388 2600 affecerunt.
424 2535 474 2600 illi
509 2537 683 2620 desperatis
713 2537 808 2602 rebus
832 2558 903 2600 cum
927 2532 1097 2599 solvissent

104 2669 204 2712 naves
235 2669 272 2710 ac
294 2646 366 2711 vela
388 2647 492 2712 ventis
516 2648 693 2725 dedissent,
721 2647 888 2712 Hannibal
912 2647 953 2710 ad
975 2644 1095 2710 Antio·

104 2758 199 2823 chum
235 2759 390 2843 pervenit.
417 2759 455 2824 de
478 2759 626 2845 Magonis
650 2761 785 2825 interitu
807 2759 925 2844 duplex
944 2755 1096 2822 memoria

103 2869 231 2953 prodita
265 2873 330 2935 est:
367 2892 504 2955 namque
535 2871 589 2935 alii
621 2871 817 2955 maulragio,
843 2871 898 2935 alii
921 2892 940 2933 a
963 2867 1096 2934 servulis

103 2981 201 3065 ipsius
240 2980 445 3046 interfectum
482 3004 554 3046 eum
589 2983 744 3067 scriptum
779 2984 985 3067 reliquerunt.
1022 2978 1124 3044 ΑΜ

103 3091 229 3156 tiochus
268 3097 391 3179 cirtam,
428 3094 456 3158 si
490 3098 557 3158 tam
591 3094 627 3158 in
662 3095 802 3179 gerendo
837 3091 921 3156 bello
956 3088 1096 3154 consiliis

103 3203 171 3268 eius
195 3226 304 3287 parere
327 3205 495 3284 voluisset,
520 3228 616 3290 quam
640 3205 675 3269 in
695 3206 897 3290 suscipiendo
914 3202 1094 3278 institerat,

102 3313 235 3398 propius
266 3313 372 3379 Tiberi
397 3338 492 3400 quam
516 3317 739 3401 Thermopylis
762 3317 800 3381 de
824 3337 948 3380 summa
971 3313 1095 3398 imperii

103 3425 293 3489 dimicasset.
332 3448 426 3510 quem
463 3427 522 3492 etsi
557 3428 659 3492 multa
693 3427 790 3492 stulte
814 3425 923 3490 conari
946 3424 1093 3508 videbat,

103 3538 210 3601 tamen
243 3537 332 3600 nulla
355 3538 495 3602 deseruit
518 3539 553 3602 in
576 3561 621 3602 re.
646 3537 786 3622 praefuit
808 3535 917 3621 paucis
940 3534 1124 3610 navibus,4

103 3668 183 3731 quas
219 3669 257 3712 ex
292 3646 385 3732 Syria
419 3648 523 3714 iussus
553 3652 621 3713 erat
648 3648 685 3712 in
703 3647 815 3713 Asiam
838 3648 969 3724 ducere,
994 3644 1095 3730 iisque
