2460 4026
130 177 173 242 80
401 193 469 237 xvi.
496 191 680 236 PnLOPIDAs.
707 170 804 236 2-4.

129 369 210 433 retia
234 366 389 444 ferentes,
414 365 532 430 vestitu
556 364 693 450 agresti,
719 384 782 448 quo
801 363 925 427 minore
946 362 1125 448 suspicione

130 479 273 544 facerent
295 479 365 544 iter.
389 477 445 561 qui
468 499 539 541 cum
558 479 701 560 tempore
721 476 808 561 ipso,
829 496 891 559 quo
911 478 1124 554 studuerant,

130 593 367 676 pervenissent,
406 590 535 653 domum
571 588 728 654 Charonis
757 588 977 665 deverterunt,
1015 610 1035 652 a
1065 608 1124 673 quo

131 707 163 767 et
186 707 312 787 tempus
335 705 368 765 et
391 701 457 765 dies
481 704 550 764 erat
575 703 677 764 datus.

110 815 129 878 3
175 813 246 878 Hoc
273 814 342 877 loco
374 811 454 876 libet
482 812 701 897 interponere,
735 811 794 876 etsi
823 812 1004 876 seiunctum
1028 813 1070 876 ab
1093 833 1124 876 re

130 924 295 1014 proposita
318 927 380 1009 est,
407 923 507 988 nimia
530 922 646 987 fiducia
668 927 808 1007 quantae
826 923 1006 987 calamitati
1025 923 1125 988 soleat

132 1057 209 1101 esse.
253 1059 328 1101 nam
371 1037 619 1121 magistratuum
668 1035 894 1100 Thebanorum
938 1035 1052 1101 stafim
1088 1035 1126 1100 ad

133 1169 223 1213 aures
254 1147 398 1232 pervenit
427 1146 533 1211 exules
563 1147 598 1210 in
627 1146 738 1210 urbem
762 1147 895 1211 venisse.
920 1146 954 1210 id
975 1147 1028 1211 illi
1050 1147 1125 1211 rino

133 1260 296 1345 epulisque
329 1260 428 1363 dpditi
460 1281 560 1342 usque
588 1280 624 1323 eo
649 1261 877 1343 despexerunt,
902 1259 939 1322 ut
962 1279 1005 1321 ne
1028 1279 1126 1342 quae-

99 1385 200 1436 arere
228 1372 362 1455 -quidem
399 1372 437 1436 de
468 1374 561 1434 tanta
590 1393 624 1435 re
655 1370 845 1448 laborarint,
876 1370 1010 1435 accessit
1042 1371 1127 1454 quod

134 1482 245 1556 etiam,
266 1482 367 1565 magis
403 1481 539 1566 aperiret
574 1503 683 1546 eorum
718 1483 921 1547 dementiam.
955 1479 1055 1545 allata
1083 1483 1129 1545 est

134 1591 218 1655 enim
246 1592 380 1676 epistola
411 1592 550 1662 Athenis
582 1593 622 1657 ab
652 1594 798 1659 Archino
830 1592 887 1657 uni
910 1615 949 1656 ex
972 1591 1042 1671 his,
1066 1591 1129 1657 Ar·

136 1703 243 1780 chiae,
275 1705 330 1788 qui
358 1708 428 1769 tum
452 1705 626 1768 maximum
652 1706 876 1790 magistratum
900 1703 1019 1768 Thebis
1044 1704 1129 1770 obti-

136 1815 252 1894 nebat,
287 1818 324 1879 in
361 1836 423 1900 qua
458 1817 567 1881 omnia
602 1819 640 1880 de
676 1817 873 1900 profectione
909 1836 1019 1880 eorum
1054 1820 1129 1901 perss

135 1926 254 2009 scripta
285 1929 386 1989 erant.
417 1949 497 2011 quae
524 1950 596 1991 cum
627 1929 691 1991 iam
726 1928 896 1992 accubanti
919 1929 954 1993 in
978 1929 1129 1995 convivio

135 2040 217 2102 esset
249 2039 342 2115 data,
375 2037 456 2102 sicut
477 2040 555 2114 ‚erat
577 2039 723 2121 signata,
751 2039 810 2103 sub
833 2039 1002 2123 pulvinum
1028 2040 1130 2109 subii-

103 2150 223 2215 aciens
259 2149 304 2238 ‘in
338 2149 520 2214 crastinum‘
555 2150 679 2234 inquit·
701 2150 822 2214 ‘differo
854 2172 904 2214 res
938 2149 1059 2216 serias!
1096 2153 1130 2215 at

134 2262 183 2326 illi
215 2282 339 2339 omnes,
372 2283 443 2325 cum
470 2261 535 2325 iam
566 2283 631 2326 nox
659 2263 877 2347 processisset,
903 2261 1064 2326 vinolenti
1088 2263 1129 2327 ab

136 2372 281 2438 exulibus
312 2373 390 2437 duce
421 2373 575 2458 Pelopida
604 2378 681 2439 sunt
704 2374 875 2439 interfecti.
899 2373 1014 2457 quibus
1035 2374 1131 2440 rebus

137 2484 307 2561 confectis,
338 2484 436 2566 vulgo
464 2485 505 2547 ad
528 2507 617 2548 arma
639 2486 882 2570 libertatemque
905 2489 1038 2564 vocato,
1062 2508 1133 2551 non

137 2595 240 2660 solum
264 2596 377 2679 quiin
402 2596 479 2660 urbe
503 2600 612 2674 erant,
637 2597 692 2661 sed
716 2598 812 2661 etiarn
832 2596 975 2679 undique
992 2616 1032 2659 ex
1045 2596 1132 2682 agris

137 2710 385 2784 concurrerunt,
421 2707 613 2790 praesidium
639 2707 961 2797 Lacedaemoniorum
987 2729 1026 2771 ex
1059 2729 1132 2772 arce

136 2819 345 2902 pepulerunt,
381 2817 519 2901 patriam
554 2818 719 2884 obsidione
753 2820 949 2899 liberarunt,
984 2824 1142 2886 auctores

137 2925 292 3021 Cadmeae
324 2930 526 3013 occupandae
559 2931 677 3014 partim
709 2931 910 3009 occiderunt,
943 2933 1064 3017 partim
1095 2935 1132 2999 in

137 3040 266 3105 exilium
294 3042 464 3106 eiecerunt.

115 3153 136 3216 4
182 3153 255 3218 Hoc
285 3156 352 3217 tam
379 3153 508 3217 turbido
530 3156 691 3239 tempore,
716 3153 798 3218 sicut
818 3176 914 3239 supra
938 3156 1128 3235 docuimus,

137 3263 395 3348 Epaminondas,
434 3269 539 3350 quoad
575 3287 646 3330 cum
682 3265 803 3330 civibus
839 3266 1026 3332 dimicatum
1062 3270 1131 3348 est,

95 3423 102 3445 2
138 3375 225 3440 domi
259 3379 383 3462 quietus
414 3376 485 3442 fuit.
516 3377 624 3462 itaque
655 3376 733 3442 haec
763 3377 969 3443 liberatarum
1000 3379 1129 3445 Theba-

140 3509 210 3551 rum
245 3489 374 3573 propria
404 3488 473 3552 laus
507 3492 554 3551 est
585 3487 773 3572 Pelopidae,
806 3494 927 3554 ceterae
952 3490 1018 3554 fere
1043 3512 1132 3555 eom-

104 3616 249 3665 amunes
296 3621 367 3665 cum
415 3599 650 3685 Epaminonda.
696 3619 834 3687 namque
880 3602 916 3665 in
961 3599 1132 3668 Leuctrica
