2460 4026
133 213 174 275 70
386 228 440 273 ur.
465 227 701 274 urnnrrounns.
729 211 758 273 1.
785 211 816 275 2.

127 404 320 467 monstraret
355 405 387 465 et
421 401 475 466 ille
506 403 693 486 respiceret,
731 425 875 466 aversum
895 402 979 466 ferro
1012 404 1121 468 trans·

129 516 198 579 fixit
233 516 400 599 priusque,
436 535 532 598 quam
572 515 740 599 quisquam
776 518 882 597 posset
918 538 1121 593 succurrere,

128 626 299 691 interfecit.
323 626 369 690 ita
393 626 447 690 ille
470 626 537 703 vir,
562 626 616 708 qui
640 626 758 690 multos
782 626 932 704 consili0,
956 628 1120 693 neminem

128 739 261 823 perfidia
284 740 428 822 ceperat,
453 737 601 801 simulata
625 740 737 821 captus
757 741 806 801 est
830 739 980 804 amicitia.

519 948 680 959 ——uu-

390 1111 470 1184 XV.
496 1110 860 1185 EPAMINONDAS.

101 1301 386 1387 1Epaminondas,
447 1300 646 1384 Polymnidis
701 1299 800 1377 fitius,
850 1299 1032 1364 Thebanus.
1082 1302 1124 1365 de

127 1415 187 1477 hoc
215 1414 401 1498 priusquam
425 1412 608 1488 scribimusr,
633 1411 710 1476 haec
734 1412 948 1496 praecipienda
971 1412 1124 1477 videntur

127 1524 317 1609 lectoribus,
351 1547 392 1588 ne
422 1524 543 1588 alienos
567 1545 670 1588 mores
694 1527 734 1587 ad
759 1545 833 1588 suos
856 1523 1015 1600 referant,
1042 1546 1125 1590 neve

128 1656 173 1712 ea,
206 1657 287 1718 quae
311 1635 388 1719 ipsis
418 1635 537 1699 leviora
560 1639 663 1712 sunt‚·
676 1634 745 1717 pari
770 1634 865 1698 modo
889 1637 975 1718 apud
998 1639 1125 1700 ceteros

98 1746 225 1811 afuisse
241 1746 448 1811 arbitrentur.
474 1739 589 1810 scimus
613 1746 698 1809 enirn
718 1746 862 1810 musicen
882 1747 1000 1810 nostris
1021 1749 1125 1811 mori-

127 1858 186 1921 bus
209 1857 318 1922 abesse
341 1880 360 1920 a
383 1857 538 1941 principis
561 1877 712 1940 persona,
738 1857 853 1920 saltare
870 1879 944 1921 vero
962 1858 1060 1922 etiam
1082 1859 1121 1923 in

127 1968 215 2033 vitiis
233 1968 326 2052 poni:
348 1989 428 2052 quae
448 1968 556 2031 omnia
576 1970 662 2051 apud
678 1967 806 2032 Graecos
827 1973 859 2032 et
879 1970 970 2052 grata
983 1971 1014 2031 et
1026 1969 1126 2035 laude

99 2078 225 2163 adigna
249 2079 418 2144 ducuntur.
444 2101 515 2143 cum
536 2080 642 2142 autem
660 2080 835 2162 exprimere
855 2081 1029 2164 imaginem
1042 2102 1125 2146 con-

126 2191 303 2255 suetudinis
326 2192 423 2274 atque
443 2190 527 2253 vitae
547 2189 680 2254 velimus
700 2188 961 2275 Epaminondae,
975 2191 1058 2257 nihil
1070 2194 1124 2258 vi-

126 2301 237 2364 demur
261 2302 374 2366 debere
396 2302 665 2386 praetermittere,
690 2303 777 2386 quod
800 2302 960 2386 pertineat
990 2303 1031 2366 ad
1050 2326 1123 2370 earn

96 2412 360 2476 edeclarandam.
386 2435 483 2497 quare
508 2413 647 2477 dicemus
670 2414 809 2496 primum
834 2417 1007 2498 degenere
1028 2415 1119 2494 eius,

126 2526 239 2588 deinde
274 2524 389 2608 quibus
421 2524 598 2607 disciplinis
632 2534 707 2589 eta
753 2526 869 2610 quibus
893 2525 934 2588 sit
957 2525 1119 2610 erudituS,

126 2640 196 2700 turn
220 2638 258 2699 dc
281 2635 423 2699 moribus
440 2635 627 2719 ingeniique
649 2635 854 2701 facultatibus
874 2640 907 2699 et
926 2636 952 2699 si
972 2659 1036 2719 qua
1057 2637 1123 2701 alia

126 2747 278 2810 memoria
302 2745 401 2830 digna
425 2749 535 2823 erunt,
560 2752 719 2831 postremo
743 2752 782 2812 de
803 2749 897 2812 rebus
914 2748 1022 2831 gestis,
1037 2770 1122 2831 quae

126 2882 144 2922 a
167 2858 312 2943 plurimis
336 2858 435 2921 animi
459 2859 632 2924 uirtutibus
656 2864 906 2945 anteponuntur.

105 2972 124 3032 2
171 2969 276 3034 Natus
303 2968 403 3052 igitur
426 2971 535 3053 patre,
559 2992 622 3054 quo
647 2971 802 3047 diximus,
829 2993 946 3053 genere
965 2971 1122 3047 honeste,

125 3105 247 3168 pauper
281 3082 344 3145 iam
370 3103 389 3143 a
412 3081 585 3146 maioribus
607 3083 737 3146 relictus
761 3086 819 3160 est,
844 3083 987 3146 eruditus
1011 3085 1122 3146 autem

125 3195 188 3272 sic,
213 3199 261 3259 ut·
275 3215 367 3281 neme
391 3192 563 3259 Thebanus
588 3196 700 3279 magis.
725 3217 800 3258 narn
825 3198 857 3258 et
881 3195 1068 3259 citharizare
1089 3199 1123 3259 et

125 3308 254 3369 cantare
274 3306 314 3368 ad
338 3304 529 3368 chordarum
555 3327 668 3370 sonum
694 3307 806 3371 doctus
830 3310 878 3370 est
901 3330 920 3370 a
943 3305 1123 3389 Dionysia,

126 3415 181 3499 qui
212 3439 279 3480 non
303 3416 426 3480 minore
449 3415 512 3480 fuit
535 3418 570 3481 in
595 3418 723 3482 musicis
747 3418 850 3502 gloria
873 3441 969 3502 quam
991 3417 1122 3482 Damon

125 3530 182 3591 aut
203 3526 376 3613 Lamprus,
399 3550 535 3615 quorum
557 3531 745 3614 pervulgata
769 3533 846 3594 sunt
869 3528 1021 3606 nomina,
1042 3550 1121 3593 can-

124 3646 193 3702 tare
228 3640 316 3704 tibiis
356 3642 397 3705 ab
433 3631 681 3727 Olympiodoro,
713 3644 829 3707 saltare
860 3638 1121 3724 aOalliphrone.
