2460 4026
15 237 18 243 ’
133 210 195 276 102
446 226 516 270 xix.
541 226 690 272 11166161,
717 209 746 270 3.
772 208 802 271 4.

116 384 381 468 cconfirmaret.⁴
395 398 457 463 huo
488 399 598 463 eodem
629 399 789 483 proiectus
821 404 869 481 est
899 400 1054 466 Phocion.
1080 425 1145 487 quo

148 518 186 580 ut
218 515 324 591 venit,
356 533 482 576 causam
512 514 597 595 apud
627 511 813 595 Philippum
836 533 943 596 regem
967 514 1084 593 verbo,
1111 537 1146 580 re

150 626 221 710 ipsa
247 625 374 709 quidem
401 626 487 707 apud
510 622 798 707 Polyperchontem
823 624 925 688 iussus
950 629 998 690 est
1022 627 1144 692 dicere:

112 753 284 821 snamque
311 738 337 799 16
361 739 432 799 tum
457 736 542 819 regis
566 735 661 799 rebus
684 739 838 819 praeerat.
863 736 915 800 hic
939 738 980 802 ab
1004 738 1146 823 Agnone

151 852 333 924 aecusatus,
369 848 453 931 quod
488 836 634 911 Piraeum
669 845 823 911 Nicanori
857 849 1067 930 prodidisset,
1106 874 1146 916 ex

132 960 275 1041 ,consilii
293 959 452 1024 sententia
474 960 510 1023 in
531 959 709 1024 custodiam
732 959 893 1024 coniectus
905 959 1063 1077 phthenas
1088 964 1145 1026 de·

151 1074 265 1136 ductus
288 1075 352 1150 est,
377 1073 414 1136 ut
436 1071 482 1134 ibi
505 1071 543 1134 de
566 1092 603 1134 eo
627 1070 751 1155 legibus
774 1071 865 1135 fieret
886 1071 1051 1136 iudicium.

77 1184 107 1253 'u
126 1185 147 1247 4
193 1183 266 1248 Huc
290 1186 327 1248 ut
350 1187 538 1267 perventum
564 1185 627 1260 est,
654 1204 726 1246 cum
749 1185 881 1268 propter
901 1186 1038 1247 aetatem
1052 1186 1145 1268 pedi-

150 1296 211 1359 bus
241 1296 305 1359 iam
336 1318 401 1359 non
433 1297 553 1361 valeret
580 1293 788 1378 vehiculoque
809 1298 1007 1379 portaretur,
1033 1297 1146 1380 magni

153 1428 324 1471 concursus
354 1408 431 1470 sunt
451 1393 563 1483 facti!
572 1427 644 1470 cum
669 1405 741 1482 alii,
768 1406 1007 1472 reminiscentes
1028 1410 1144 1474 veteris

147 1515 268 1603 famae,
304 1518 417 1581 aetatis
451 1518 690 1594 misererentur,
723 1516 854 1600 plurimi
884 1540 959 1582 vero
989 1520 1037 1583 ira
1070 1543 1168 1586 exa·-

149 1632 320 1693 cuerentur
339 1633 470 1714 propter
489 1629 680 1712 proditionis
701 1628 912 1712 suspicionem
925 1631 1143 1715 maximeque,

150 1741 236 1824 quod
260 1742 409 1806 adversus
432 1732 543 1825 populi
567 1741 733 1805 commode
756 1742 790 1805 in
815 1744 978 1806 senectute
1001 1744 1185 1841 steterat&

115 1869 245 1938 aquare
270 1876 310 1917 ne
334 1853 504 1945 perorandi
528 1852 655 1936 quidem
681 1852 709 1915 ei
733 1852 812 1914 data
830 1855 879 1916 est
898 1852 1032 1918 facultas
1042 1840 1065 1956 ,J
1070 1855 1145 1921 inde

12 1989 19 1994 ·
149 1964 259 2028 iudicii
284 1963 437 2047 legitimis
462 1962 653 2044 quibusdam
677 1960 849 2040 confectis,
874 1964 1062 2044 damnatus,
1077 1969 1144 2031 tra-

150 2076 236 2140 ditus
268 2078 316 2140 est
348 2073 592 2150 undecimviris,
624 2073 740 2157 quibus
773 2074 812 2137 ad
842 2076 1033 2160 supplicium
1057 2100 1145 2143 more

117 2205 131 2252 3
151 2187 398 2253 Atheniensium
428 2185 555 2269 publice
582 2185 725 2249 damnati
748 2186 833 2249 tradi
856 2187 970 2250 solent.
995 2188 1048 2252 hic
1071 2212 1143 2255 cum

149 2301 189 2364 ad
212 2302 347 2362 mortem
372 2299 557 2373 duceretur,
582 2296 694 2362 obvius
718 2297 746 2360 ei
765 2297 827 2362 fuit
847 2298 1056 2383 Euphiletus,
1080 2324 1143 2386 quo

147 2410 348 2475 familiariter
381 2408 488 2471 fuerat
522 2430 607 2471 usus.
644 2408 671 2472 16
705 2430 776 2472 cum
809 2409 980 2475 lacrimans
1011 2413 1143 2477 dixisset

149 2531 178 2586 ιο
210 2544 305 2605 quam
343 2520 480 2603 indigna
509 2541 606 2603 perpe
622 2520 698 2602 eris,
725 2520 897 2585 Phocion!'
921 2522 996 2588 huie
1019 2524 1072 2590 ille
1098 2528 1143 2589 ‘et

148 2655 216 2698 non
247 2632 424 2717 inopinata'
456 2631 579 2713 inquit:
611 2630 708 2695 ‘hunc
740 2634 825 2697 enim
853 2635 975 2699 exitum
998 2635 1142 2720 plerique

113 2746 225 2810 solari
258 2744 319 2809 1111
354 2743 536 2807 habuerunt
570 2741 748 2835 Athenia’p'
761 2745 796 2808 11
827 2746 888 2811 hoc
919 2749 1048 2811 tantum
1080 2747 1143 2813 fuit

148 2859 256 2923 odium
287 2854 520 2932 multitudinis,
545 2858 582 2919 ut
605 2877 697 2919 nemo
722 2879 816 2922 ausus
839 2859 880 2922 sit
902 2881 974 2923 eum
997 2860 1141 2925 1116166-

149 2971 257 3056 pelire.
281 2969 389 3052 itaque
414 2990 432 3031 a
455 2967 553 3032 661116
577 2969 720 3052 sepultus
740 2973 798 3036 est.

555 3156 697 3168 ,--

455 3353 537 3427 XX.
566 3352 824 3430 TIMOLEON.

12 3552 17 3559 ·
126 3531 143 3592 1
192 3527 359 3594 Timoleon
393 3531 577 3598 Corinthius
608 3533 676 3597 sine
707 3534 803 3598 dubio
834 3553 971 3616 mugnus
995 3535 1142 3598 omnium

140 3640 262 3704 iudicio
294 3641 342 3706 vir
374 3643 505 3710 exstitit.
535 3666 672 3729 namque
694 3645 768 3708 huie
791 3645 849 3709 uni
872 3644 1026 3728 contigit,
1053 3648 1141 3730 quod
