2460 4026
530 883 596 955 EX
617 884 746 949 LIBRO

376 1029 654 1180 oeauuuu
674 1095 916 1180 suroris

424 1280 472 1334 DE
492 1280 639 1334 LATINIS
662 1279 874 1336 HISTORICIS.

499 1520 634 1595 XXIV.
662 1521 794 1596 CATO.

149 1708 166 1772 1
214 1707 260 1774 Μ.
287 1705 384 1785 Cato,
409 1709 496 1769 ortus
521 1704 696 1789 municipio
717 1706 872 1783 Tusculo,
887 1702 1169 1787 adolescentulus,

169 1820 355 1903 priusquam
385 1816 564 1881 honoribus
595 1837 725 1900 operam
758 1820 864 1897 daret,
896 1818 1040 1880 versatus
1063 1813 1169 1878 estin

169 1929 312 2007 Sabinis,
337 1928 424 2013 quod
447 1926 494 1990 ibi
516 1925 681 1990 heredium
702 1949 721 1989 a
740 1930 831 2010 patre
851 1926 997 1991 relictum
1018 1925 1168 1990 habebat.

167 2032 242 2105 iude
265 2039 397 2105 hortatu
419 2038 457 2104 L.
480 2037 602 2103 Valerii
624 2037 746 2116 Flacci,
772 2042 809 2102 ut
831 2038 875 2102 M.
897 2037 1067 2121 Perpenna
1090 2058 1168 2102 cen·

168 2152 271 2215 scrius
300 2173 430 2214 narrare
453 2150 566 2214 solitus
589 2152 653 2226 est,
678 2149 814 2213 Romam
839 2149 1032 2234 demigravit
1057 2148 1095 2212 in
1118 2148 1170 2213 fo-

141 2281 266 2348 aroque
296 2285 362 2327 esse
394 2261 507 2344 eoepit.
540 2261 679 2345 primum
703 2260 899 2345 stipendium
924 2261 1040 2325 meruit
1064 2282 1169 2325 anuo·

168 2397 241 2439 rum
260 2375 368 2438 decem
391 2376 585 2457 septemque.
607 2369 646 2446 Q.
666 2371 765 2436 Fabio
779 2371 823 2436 Μ.
838 2370 971 2437 Claudio
985 2372 1171 2438 consulibus

75 2566 76 2569 Ἴ
168 2485 317 2549 tribunus
341 2483 536 2548 militumiu
556 2481 664 2546 Sicilia
682 2482 755 2546 fuit.
780 2484 856 2547 inde
876 2488 912 2548 ut
931 2483 1045 2562 rediit,
1066 2488 1172 2548 castra

168 2599 293 2660 secutus
318 2599 365 2660 est
390 2593 426 2662 Ο.
452 2592 578 2658 Claudii
601 2592 756 2672 Neronis,
783 2595 958 2680 magnique
981 2617 1078 2680 opera
1102 2594 1171 2661 eius

168 2707 349 2771 existimata
379 2709 429 2771 est·
455 2706 491 2769 in
521 2706 642 2790 proelio
674 2710 760 2790 apud
791 2706 925 2790 Senam,
959 2727 1024 2792 quo
1055 2706 1172 2772 cecidit

141 2816 367 2895 3Hasdrubal‚
388 2816 490 2881 frater
510 2815 714 2880 Hannibalis.
736 2820 886 2901 quaestor
897 2818 1018 2903 obtigit
1029 2816 1065 2883 P.
1079 2817 1171 2882 Afri-

167 2950 247 2993 cano
279 2929 420 3007 consuli,
454 2951 526 2994 cum
559 2950 623 3012 quo
646 2951 712 2992 non
736 2950 794 3012 pro
818 2930 913 2994 sortis
934 2930 1171 2995 necessitudine

169 3040 267 3105 vixit:
300 3061 439 3124 namque
471 3040 511 3104 ab
545 3061 582 3104 eo
605 3042 761 3124 perpetua
786 3040 936 3104 dissensit
957 3040 1035 3105 vita.
1059 3041 1171 3106 aedilis

141 3168 156 3212 4
168 3152 270 3235 plebis
300 3151 406 3217 faetus
438 3155 486 3216 est
511 3173 584 3216 eum
607 3148 643 3214 O.
668 3149 792 3215 Helvio
818 3154 947 3234 praetor
970 3151 1171 3236 provinciam

168 3263 310 3328 obtinuit
341 3263 541 3340 Sardiniam,
573 3286 611 3327 ex
643 3285 707 3347 qua
729 3266 879 3347 quaestor
904 3262 1065 3348 superiore
1087 3267 1170 3328 tem-

168 3395 246 3458 pore
278 3397 316 3438 ex
338 3374 451 3441 Africa
475 3375 630 3439 decedens
654 3374 690 3450 Q.
715 3374 857 3439 Ennium
878 3378 1005 3459 poetam
1029 3374 1170 3439 deduxe-

170 3490 237 3571 rat,
268 3487 355 3570 quod
387 3510 453 3552 non
485 3486 619 3552 minoris
646 3486 849 3551 aestimamus
873 3508 970 3571 quam
993 3485 1172 3571 quemlibet

161 3598 399 3684 amplissimum
425 3599 663 3667 Sardiniensem
688 3598 897 3682 triumphum.
