2460 4026
152 196 196 267 92
431 219 525 264 xum.
550 219 706 263 numurus.
732 198 764 262 4.
786 197 814 262 5.

149 388 289 475 inteIIigi
324 394 455 476 possent
488 392 619 456 inimica
653 395 760 456 mente
789 390 989 456 contendisse
1017 390 1144 455 animo·

151 523 213 586 que
237 505 340 588 magis
364 505 460 568 etiam
483 524 643 589 pugnasse
667 526 764 589 quam
788 525 937 588 corpore,
963 485 1030 567 non
1053 504 1143 586 prius

23 617 25 621 ’
152 612 296 678 distracti
325 617 417 694 sunt,
450 637 545 699 quam
578 616 712 679 alterum
743 615 850 678 anima
873 615 1077 699 relinqueret.
1104 615 1144 678 ab

150 724 212 789 hoc
248 724 370 810 aliquot
405 726 509 811 plagis
545 725 703 790 Eumenes
734 727 937 803 vulneratur,
972 748 1076 810 neque
1108 747 1145 791 eo

149 836 253 920 magis
277 858 316 900 ex
338 838 458 923 proelio
481 839 630 915 excessit,
652 838 706 902 sed
726 838 828 901 acrius
845 837 992 902 hostibus
1011 838 1143 903 institit.

26 962 32 973 ·
116 947 203 1013 ahie
246 950 405 1032 equitibus
443 950 638 1035 profligatis,
675 949 843 1013 interfecto
879 949 958 1013 duce
993 947 1144 1026 OratmO,

149 1059 258 1124 multis
284 1063 449 1144 praeterea
472 1066 503 1125 et
527 1061 664 1126 maxime
687 1060 849 1125 nobilibus
874 1061 974 1144 captis
999 1061 1145 1145 pedester

150 1173 305 1236 exercitus
337 1176 422 1256 quod
455 1174 490 1237 in
522 1195 558 1237 ea
588 1173 659 1236 loca
691 1175 758 1237 erat
783 1171 955 1248 deductus,
980 1174 1018 1234 ut
1040 1172 1144 1236 invito

148 1281 293 1347 Eumene
317 1284 400 1348 elabi
422 1305 489 1348 non
513 1287 635 1367 posset,
659 1305 770 1367 pacem
795 1282 835 1347 ab
860 1304 895 1346 ec
920 1282 1024 1366 petiit.
1046 1304 1144 1366 quam

150 1416 223 1459 cum
246 1395 466 1479 impetrasset,
490 1395 525 1457 in
549 1395 612 1458 fide
635 1415 702 1459 non
727 1393 846 1458 mansit
870 1394 971 1470 etse,
993 1393 1144 1457 simulac

115 1505 273 1590 rpotuit,
310 1505 350 1568 ad
383 1504 594 1589 Antipatrum
625 1505 753 1589 recepit.
785 1504 944 1569 Eumenes
975 1503 1144 1569 Craterum

148 1638 187 1680 ex
219 1616 286 1679 acie
312 1616 500 1681 semivivum
532 1616 650 1682 elatum
680 1638 821 1681 recreare
849 1616 987 1680 studuit:
1013 1637 1084 1680 eum
1109 1616 1144 1679 id

147 1749 216 1792 non
246 1731 371 1812 posset,
403 1750 461 1813 prc
491 1729 632 1792 hominis
663 1729 822 1812 dignitate
854 1748 975 1811 proque
1005 1728 1144 1810 pristina

149 1839 289 1903 amicitia
321 1839 472 1924 (namque
502 1839 560 1904 illc
588 1862 663 1904 usus
693 1843 761 1904 erat
789 1837 974 1902 Alexandro
997 1838 1071 1902 vivo
1092 1837 1142 1901 fa-

148 1950 327 2033 miliariter)
357 1949 464 2033 amplo
494 1949 605 2014 funere
634 1949 749 2014 extulit
780 1970 912 2033 ossaque
935 1948 969 2011 in
993 1948 1143 2012 Macedo-

149 2060 238 2124 niam
263 2060 355 2124 uxori
378 2059 444 2123 eius
468 2081 505 2124 ae
529 2061 638 2124 liberis
660 2060 792 2124 remisit.

127 2172 145 2236 5
193 2172 282 2237 Haec
310 2171 386 2235 dum
417 2175 502 2257 apud
532 2172 779 2258 Hellespontum
810 2173 984 2256 geruntur,
1013 2170 1144 2235 Perdic-

148 2305 201 2348 cas
246 2283 331 2367 apud
365 2283 477 2349 Nilum
512 2284 633 2348 flumen
665 2283 858 2348 interficitur
892 2304 910 2344 a
946 2281 1075 2347 Seleuco
1112 2284 1145 2345 et

147 2393 329 2478 Antigene,
354 2416 522 2479 rerumque
546 2418 670 2460 summa
694 2399 735 2459 ad
758 2395 969 2479 Antipatrum
993 2393 1143 2458 delertur.

146 2505 200 2570 hic
222 2506 277 2588 qui
300 2508 524 2583 deseruerant,
550 2506 690 2570 exercitu
714 2506 901 2589 suffragium
925 2505 1064 2589 ferenm,
1089 2528 1142 2570 ea-

147 2615 223 2700 pitis
254 2615 402 2680 absentes
434 2617 648 2695 damnantur,
677 2617 712 2680 in
736 2616 786 2681 his
809 2615 979 2683 Eumenes.
1002 2616 1064 2681 hac
1086 2616 1143 2681 ille

146 2727 310 2810 perculsus
342 2727 437 2811 plaga
467 2749 536 2792 non
567 2729 734 2792 succubuit
761 2750 864 2813 neque
888 2749 924 2791 eo
949 2727 1049 2792 secius
1072 2727 1141 2791 bel-

146 2837 214 2902 lum
245 2840 490 2905 administravit.
526 2841 580 2905 sed
611 2841 706 2906 exiles
738 2862 788 2904 res
819 2839 919 2904 animi
942 2838 1141 2923 magnitudi-

115 2964 240 3029 2nem,
272 2952 332 3016 etsi
362 2973 429 3016 non
457 2952 670 3038 frangebant,
702 2955 812 3016 tamen
835 2952 1033 3016 minuebant.
1054 2949 1144 3013 hune

146 3084 340 3148 persequens
373 3063 578 3148 Antigonus,
615 3086 688 3129 cum
716 3065 805 3128 omni
834 3084 951 3147 genere
978 3062 1143 3146 copiarum

148 3173 349 3253 abundaret,
374 3196 466 3258 saepe
489 3175 525 3239 in
548 3175 716 3239 itineribus
736 3175 930 3252 vexabatur,
950 3195 1053 3258 neque
1070 3194 1142 3238 um-

148 3305 244 3368 quam
278 3307 411 3349 manum
441 3306 605 3350 conserere
634 3285 752 3349 licebat
780 3284 843 3349 nisi
872 3286 912 3350 iis
941 3287 1036 3364 lociS,
1069 3289 1142 3371 qui-

115 3396 208 3460 abus
231 3397 326 3480 pauci
349 3397 459 3462 multis
483 3399 615 3481 possent
637 3396 789 3461 resistere.
816 3397 870 3461 sed
894 3399 1035 3462 extremo
1058 3401 1143 3462 tom-

147 3528 242 3593 pore,
286 3528 358 3571 cum
395 3507 526 3573 consilio
562 3507 634 3592 capi
669 3528 736 3571 non
771 3512 896 3593 posset,
932 3508 1144 3574 multitudine

144 3619 329 3685 circumitus
363 3622 421 3684 est.
457 3619 534 3685 hinc
570 3623 680 3684 tamen
714 3621 824 3684 multis
856 3620 922 3685 suis
954 3620 1076 3683 amissis
1108 3641 1144 3685 se
