2460 4026
151 183 193 247 88
450 199 533 244 xvrr.
556 198 740 243 nensrnnus.
766 179 785 242 8

122 371 301 437 cadmirari
336 371 441 436 satis..
460 371 545 456 quod
580 372 608 436 ei
643 393 703 436 usu
739 374 844 450 venit,
881 393 952 435 cum
987 395 1147 439 annorum

151 484 318 568 octoginta
349 484 488 548 subsidio
520 483 628 548 Tacho
658 483 693 546 in
716 481 901 568 Aegyptum
926 485 1040 550 missus
1064 490 1149 551 esset

150 600 182 661 et
212 597 248 660 in
272 599 345 685 acta
369 618 441 660 cum
465 596 530 659 suis
553 593 751 659 accubuisset
773 595 842 659 sine
862 596 929 660 ullo
953 599 1038 661 tecto
1061 601 1147 662 stra·

150 712 283 792 tumque
312 707 445 771 haberet
475 707 556 784 tale,
581 710 619 770 ut
641 709 726 770 terra
749 708 835 770 tecta
857 710 938 771 esset
961 710 1149 773 stramentis

150 842 254 904 neque
285 819 348 882 huc
379 819 515 902 amplius
539 840 634 902 quam
657 817 749 901 pellis
773 821 855 882 esset
876 819 1011 905 iniecta,
1036 824 1153 885 eodem‘

150 951 213 1016 quo
238 930 368 995 comites
393 951 503 994 omnes
526 930 645 994 vestitu
666 929 781 993 humili
804 933 900 1013 atque
924 930 1085 1016 obsoleto,
1110 934 1150 995 ut

151 1063 260 1106 eorum
296 1044 428 1106 ornatus
462 1062 528 1105 non
564 1040 658 1105 modo
692 1041 726 1104 in
761 1041 811 1105 his
845 1062 952 1126 regem
985 1042 1147 1106 neminem

150 1153 363 1238 significaret,
389 1153 443 1217 sed
467 1152 613 1217 homines
638 1173 705 1216 non
727 1152 928 1217 beatissimos
952 1174 1018 1216 esse
1042 1154 1148 1237 suspi-

122 1265 275 1329 ecionem
310 1264 486 1348 praeberet.
521 1263 615 1328 huius
648 1263 686 1327 de
718 1263 858 1329 adventu
884 1263 971 1327 fama
1002 1285 1073 1328 cum
1106 1267 1148 1328 ad

149 1377 254 1460 regios
289 1377 372 1439 esset
404 1374 546 1458 perlata,
583 1373 726 1439 celeriter
760 1397 893 1439 munera
926 1397 962 1439 eo
994 1376 1147 1460 cuiusque

150 1486 276 1570 generis
308 1488 383 1550 sunt
415 1484 523 1548 allata.
553 1485 604 1548 his
633 1486 858 1568 quaerentibus
881 1485 1067 1570 Agesilaum
1092 1487 1148 1552 vix

151 1596 230 1661 fides
249 1596 335 1661 facta
352 1599 417 1674 est,
437 1619 538 1660 unum
558 1618 623 1662 esse
643 1618 681 1660 ex
699 1597 755 1675 iis,
777 1598 833 1682 qui
852 1601 922 1661 tum
935 1599 1146 1662 accubabant.

123 1709 207 1794 aqui
237 1731 309 1773 cum
338 1708 423 1793 regis
453 1708 557 1773 verbis
589 1730 670 1792 quae
693 1708 869 1772 attulerant
891 1708 1070 1786 dedissent,
1092 1708 1147 1772 ille

150 1826 276 1907 praeter
306 1821 477 1886 vitulinam
507 1822 539 1884 et
570 1820 725 1884 eiusmodi
757 1840 875 1904 genera
899 1820 1041 1897 obsonii,
1065 1841 1149 1904 quac

151 1954 299 2016 praesens
319 1934 445 2015 tempus
465 1931 679 2009 desiderabat,
701 1931 783 1995 nihil
801 1933 941 2016 accepit:
961 1934 1147 2016 unguenta,

152 2063 285 2108 coronas
308 2045 542 2126 secundamque
566 2064 708 2107 mensam
728 2044 826 2107 servis
846 2044 1021 2128 dispertiit,
1043 2046 1149 2108 cetera

123 2153 261 2219 traferri
295 2154 396 2218 iussit.
432 2175 496 2238 quo
531 2152 617 2218 facto
654 2176 726 2218 eum
757 2155 885 2218 barbari
917 2154 1019 2238 magis
1052 2154 1148 2217 etiam

152 2268 406 2350 contemserunt,
439 2265 524 2349 quod
555 2288 627 2330 eum
654 2266 839 2351 ignorantia
862 2267 1020 2343 bonarum
1043 2287 1150 2330 rerum

151 2376 208 2440 illa
230 2376 431 2460 potissimum
455 2376 603 2440 sumsisse
622 2377 872 2440 arbitrabantur.

124 2503 139 2553 o
197 2487 260 2552 Hic
304 2509 375 2552 curn
420 2509 458 2550 ex
499 2486 650 2571 Aegypto
693 2491 920 2566 reverteretur,
956 2489 1097 2551 donatus
1132 2510 1152 2550 a

89 2620 95 2631 ·
151 2618 227 2682 rege
256 2597 479 2664 Nectanabide
509 2598 652 2662 ducentis
676 2599 793 2683 viginti
817 2599 965 2677 talentis,
990 2620 1071 2682 quae
1095 2598 1152 2662 ille

152 2710 277 2774 muneri
299 2710 417 2794 populo
442 2731 498 2774 suo
523 2710 629 2788 daret,
653 2711 852 2794 venissetque
872 2710 907 2773 in
925 2712 1072 2794 portum,
1096 2710 1153 2794 qui

152 2820 292 2886 Menelai
314 2825 464 2901 vocatur,
488 2823 594 2888 iacens
616 2823 702 2887 inter
725 2821 865 2906 Cyrenas
888 2824 920 2884 et
944 2820 1151 2905 Aegyptum,

126 2933 187 2998 lin
215 2933 363 2998 morbum
394 2933 568 3019 implicitus
600 2934 742 2998 decessit.
775 2934 821 2997 ibi
856 2955 928 2997 eum
952 2933 1063 3010 amici,
1088 2952 1152 3015 quo

153 3044 303 3130 Spartam
345 3045 470 3111 facilius
507 3045 647 3131 perferre
681 3049 828 3130 possent,
863 3044 949 3128 quod
985 3043 1049 3107 mel
1083 3065 1153 3108 non

152 3155 331 3234 habebant,
358 3181 430 3224 cera
453 3156 740 3235 circumfuderunt,
759 3159 854 3240 atque
873 3155 919 3219 ite
938 3155 1067 3220 domum
1088 3158 1152 3219 ret·

152 3271 306 3334 tulerunt.
