2460 4026
132 182 176 246 84
423 196 505 239 xvn.
532 193 716 238 Aersrmus.
742 174 773 239 3.
798 174 831 235 4.

126 371 311 459 proposuit,
354 368 469 454 quibus
504 368 718 444 donarentur,
754 387 890 450 quorum
924 371 1056 454 egregia
1089 373 1126 437 in

105 503 168 549 aea
194 505 229 547 re
263 482 378 546 fuisset
398 480 566 543 industria.
592 479 670 543 fecit
691 479 776 542 idem
799 480 835 542 in
858 482 1124 550 exercitationum

131 595 317 682 generibus,
344 595 399 669 ut,
431 592 487 675 qui
510 591 621 654 ceteris
643 590 894 674 praestitissent,
918 614 972 657 eos
995 597 1125 680 magnis

130 708 268 772 afficeret
300 703 494 767 muneribus.
532 702 583 766 his
617 701 719 785 igitur
752 701 846 765 rebus
883 703 988 768 effecit
1023 711 1061 771 ut
1093 713 1126 774 et

130 815 367 882 ornatissimum
402 820 435 878 et
457 813 755 878 exercitatissimum
778 811 910 878 haberet
934 819 1124 888 exercitum.

102 929 204 993 4huic
239 949 311 991 curn
345 929 470 1010 tempus
504 929 586 989 esset
616 925 721 988 risum
752 925 859 1009 copias
888 928 1056 994 extrahere
1087 953 1125 996 ex

130 1039 361 1117 hibernaculis,
385 1038 482 1114 vidit,
507 1037 551 1115 si,
576 1057 639 1120 quo
660 1039 742 1100 esset
760 1036 822 1100 iter
841 1036 1003 1118 facturus,
1016 1043 1125 1124 palam

130 1151 389 1237 pronuntiasset,
413 1147 521 1212 hostes
544 1169 612 1212 non
631 1147 807 1211 credituros
825 1147 965 1232 aliasque
976 1154 1125 1236 regiones

129 1261 294 1346 praesidiis
330 1261 539 1344 occupaturos
575 1281 680 1344 neque
715 1259 916 1324 dubitaturos
940 1263 1027 1327 aliud
1052 1288 1125 1330 eum

109 1374 295 1438 eiecturum
330 1393 367 1435 ac
400 1369 651 1453 pronuntiasset.
687 1370 794 1454 itaque
825 1393 899 1434 cum
930 1372 985 1437 ille
1009 1358 1125 1440 Sardes

128 1486 249 1547 iturum
278 1504 311 1547 se
335 1482 483 1559 dixisset,
507 1480 735 1566 Tissaphernes
759 1483 892 1546 eandem
916 1482 1044 1549 Cariam
1069 1490 1125 1552 de-

129 1595 323 1659 fendendam
357 1593 495 1678 putavit.
520 1593 642 1676 inquo
667 1615 739 1657 cum
761 1616 833 1657 eum
857 1595 966 1678 opinio
990 1596 1124 1662 fefellis-

130 1711 178 1770 set
213 1706 396 1789 victumque
427 1726 460 1769 se
492 1704 622 1768 vidisset
645 1703 797 1782 consili0,
822 1726 890 1768 sero
914 1706 980 1770 suis
1001 1709 1124 1790 praesi-

130 1818 181 1881 dio
212 1815 373 1900 profectus
405 1820 463 1882 est.
487 1838 563 1879 nam
588 1837 660 1879 cum
683 1815 740 1879 illo
765 1816 920 1895 venisset,
944 1817 1010 1880 iam
1034 1819 1123 1904 Age·

129 1927 225 1990 silaus
261 1926 371 1990 multis
405 1926 483 1989 locis
519 1926 709 2010 expugnatis
744 1946 864 2011 magna
899 1932 967 1992 erat
1003 1934 1125 2014 praeda

103 2039 259 2124 opotitus.
303 2037 388 2102 Laco
424 2039 532 2101 autem
567 2058 641 2101 cum
675 2037 797 2101 videret
831 2036 939 2103 hostes
974 2042 1123 2124 equitatu

127 2172 293 2235 superare,
317 2170 493 2233 numquam
515 2148 552 2211 in
576 2168 687 2232 campo
712 2149 761 2212 sui
783 2149 861 2214 fecit
878 2152 1072 2233 potestatem
1093 2156 1126 2218 et

128 2264 166 2327 iis
201 2263 280 2328 locis
316 2283 448 2325 manum
484 2260 664 2338 conseruit,
702 2260 817 2345 quibus
852 2261 925 2344 plus
960 2263 1124 2345 pedestres

129 2375 238 2459 copiae
273 2373 425 2439 valerent.
461 2372 586 2455 pepulit
621 2391 715 2455 ergo,
749 2372 1009 2457 quotiescumque
1044 2397 1123 2441 con-

127 2507 253 2569 gressus
289 2486 355 2561 est,
388 2483 489 2546 multo
527 2483 662 2546 maiores
684 2483 936 2548 adversariorum
960 2486 1069 2570 copias
1090 2490 1123 2552 et

127 2596 172 2660 sic
198 2596 234 2658 in
257 2594 335 2658 Asia
358 2597 502 2660 versatus
526 2597 592 2672 est,
615 2596 653 2658 ut
676 2595 821 2659 omnium
844 2596 994 2680 opinione
1018 2598 1123 2665 victor

127 2709 303 2770 duceretur.
408 2700 410 2704 ’

105 2818 126 2881 4
171 2816 234 2881 Hic
269 2838 342 2880 cum
380 2817 444 2880 iam
468 2817 577 2880 animo
601 2815 809 2881 meditaretur
832 2817 961 2903 profisci
982 2817 1017 2882 in
1042 2819 1120 2884 Per-

127 2950 177 2992 sas
211 2930 244 2991 et
276 2928 381 3012 ipsum
406 2949 514 3013 regem
538 2928 674 3006 adoriri,
701 2928 834 2992 nuntius
858 2930 888 2992 ei
912 2930 1007 2994 domo
1032 2931 1123 2995 venit

126 3040 318 3124 ephororum
353 3041 471 3118 missu,
508 3040 628 3104 bellum
664 3039 878 3105 Athenienses
913 3044 946 3104 et
980 3041 1121 3107 Boeotos

126 3152 277 3217 indixisse
312 3151 589 3217 Lacedaemoniis:
622 3173 720 3235 quare
751 3152 860 3217 venire
884 3175 925 3217 ne
948 3153 1120 3219 dubitaret

99 3264 161 3327 ain
190 3263 254 3328 hoc
284 3284 352 3328 non
381 3263 488 3327 miuus
512 3264 579 3328 eius
602 3263 705 3348 pietas
728 3264 928 3348 suspicienda
951 3270 1000 3329 est
1023 3287 1121 3350 quam

126 3373 226 3438 virtus
272 3375 399 3440 bellica:
441 3374 497 3457 qui
539 3395 612 3438 cum
647 3373 760 3437 victori
781 3377 941 3458 praeesset
969 3375 1121 3441 exercitui

125 3485 359 3569 maximamque
393 3484 527 3549 haberet
561 3483 711 3548 fiduciam
745 3485 839 3569 regni
870 3487 1039 3552 Persarum
1062 3509 1118 3571 po·

125 3596 249 3677 tiundi,
279 3599 374 3662 tanta
405 3595 561 3662 modestia
594 3595 680 3660 dioto
704 3596 836 3662 audiens
858 3597 922 3662 fuit
943 3597 1037 3664 iussis
1060 3598 1120 3671 ab·
