2460 4026
429 201 502 244 vrri.
526 199 763 246 manaremus.
792 180 820 242 l.
846 190 849 197 '
959 239 960 244 ,
1056 183 1098 248 39

109 375 168 453 rit,
204 376 283 440 adeo
318 374 432 439 studiis
466 394 574 438 eorum
608 373 794 451 inservisse,
830 377 867 437 ut
900 395 993 438 nomo
1026 396 1099 438 cum

108 488 218 552 labore
248 487 450 572 corporisque
474 486 594 551 viribus
617 488 726 569 posset
748 485 1099 571 aequiperare‘(omncs

106 599 194 664 enim
224 598 350 663 Boeotii
380 598 482 682 magis
513 597 659 661 firmitati
691 598 832 680 eorporis
858 619 953 680 quam
976 597 1100 682 ingenii

45 755 48 760 -
108 710 248 775 acumini
294 710 467 788 serviunt),
511 711 646 773 eundem
689 711 774 792 apud
816 708 1127 787 Lacedaemonios,4

107 843 244 906 quorum
263 821 404 885 moribus
425 843 548 885 summa
567 821 669 884 virtus
685 821 720 884 in
733 821 890 904 patientia
901 821 1096 904 ponebatur,

107 933 152 997 sic
183 933 319 997 duritiae
350 954 383 996 se
414 932 552 1009 dedisse,
585 938 621 997 ut
651 933 846 1016 parsimonia
873 933 976 997 victus
1001 937 1098 1017 atquc

108 1043 212 1108 cultus
248 1064 357 1108 omnes
392 1042 659 1108 Lacedaemonios
693 1045 850 1118 vinceret3
886 1044 982 1109 fuisse
1013 1046 1098 1130 apud

107 1155 262 1233 Thracas,
297 1154 444 1219 homines
476 1155 659 1219 vinolentos
692 1157 846 1240 rebusque
878 1156 1012 1220 veneriis
1043 1158 1098 1221 de-

110 1267 209 1331 ditos:
242 1267 301 1330 hos
331 1288 457 1350 quoqne
482 1268 517 1331 in
540 1267 589 1331 his
613 1267 708 1331 rebus
732 1268 951 1332 antecessisse:
976 1268 1125 1332 venisses

107 1380 147 1442 ad
182 1378 311 1456 Persas,
342 1382 428 1464 apud
451 1401 530 1463 quos
554 1402 678 1443 summa
700 1381 770 1443 laus
792 1382 874 1443 esset
896 1379 1021 1444 fortiter
1044 1401 1098 1443 ve-

108 1492 195 1569 nari,
220 1491 381 1583 luxuriose
401 1492 523 1555 vivere:
544 1491 658 1556 horum
682 1491 727 1555 sio
746 1492 906 1555 imitatum
927 1496 1098 1555 consuetu·
1195 1492 1198 1501 ’

107 1604 232 1681 dinem,
257 1607 296 1693 ut
316 1603 364 1666 illi
388 1602 449 1686 ipsi
473 1624 545 1666 eum
568 1603 603 1666 in
626 1603 676 1666 his
699 1603 835 1666 maxime
854 1603 1097 1668 admirarentur.
1191 1588 1193 1593 ’

105 1715 221 1799 quibus
252 1714 346 1779 rebus
379 1714 518 1779 effecisse
548 1719 603 1792 ut,
636 1717 721 1798 apud
754 1735 969 1798 quoscumque
999 1718 1126 1791 esset,o
1185 1784 1187 1788 ,

104 1827 255 1911 princeps
285 1828 458 1908 poneretur
481 1826 713 1911 habereturque
736 1827 924 1891 carissimus.
949 1827 1002 1890 sed
1022 1825 1098 1889 satis

105 1942 144 2003 de
168 1939 246 2002 hoc:
272 1936 412 2021 reliquos
435 1939 606 2002 ordiamur.

535 2225 719 2234 ...—.——-r

373 2421 474 2494 VIII.
499 2418 865 2494 THRASYBULUS.

148 2602 386 2686 Thrasybulus,
422 2600 499 2686 Lyci
534 2601 637 2678 filius,
672 2599 888 2664 Atheniensis.
921 2600 948 2664 si
977 2622 1034 2683 per
1065 2602 1125 2665 sel

102 2715 203 2779 virtus
233 2715 302 2778 sine
331 2717 462 2778 tortuna
485 2715 694 2797 ponderanda
718 2716 781 2790 est,
808 2713 919 2776 dubito
943 2734 985 2775 an
1008 2712 1095 2776 hunc

101 2827 242 2909 primum
273 2826 415 2889 omnium
445 2845 572 2908 ponam.
599 2824 678 2888 illud
702 2824 770 2888 sine
793 2824 907 2888 dubio:
933 2823 1093 2887 neminem
1192 2800 1195 2807 δ

100 2937 174 3002 huic
207 2936 350 3020 praefero
379 2936 458 3013 fide,
490 2936 688 3011 constantia,
721 2935 943 3020 magnitudine
975 2935 1092 3011 animi,
1186 2926 1193 2936 ⁸

101 3048 136 3110 in
158 3048 296 3132 patriam
320 3069 436 3113 amore.
463 3069 538 3133 narn
561 3050 647 3130 quod
670 3046 766 3110 multi
790 3046 959 3111 voluerunt
981 3045 1121 3128 pauci-2

101 3179 163 3241 que
182 3161 374 3242 potuerunt,
395 3159 435 3222 ab
455 3180 519 3222 uno
540 3161 677 3242 tyranno
697 3158 834 3241 patriam
853 3157 1003 3232 liberare,
1016 3156 1091 3221 huic

100 3270 256 3353 contigit,
289 3273 324 3333 ut
355 3293 374 3333 a
404 3250 539 3354 triginta
572 3291 755 3353 oppressam
782 3269 929 3353 tyrannis
953 3290 970 3332 e
994 3269 1092 3332 servi·

101 3385 171 3445 tute
201 3382 236 3445 in
268 3380 450 3445 libertatem
473 3381 659 3444 vindicaret.
683 3382 736 3444 sed
761 3381 953 3463 nescioquo
978 3381 1119 3465 modo‚3
1217 3417 1220 3422 ·

101 3515 172 3558 cnm
206 3515 277 3556 eum
310 3514 402 3556 nemo
436 3493 572 3556 anteiret
595 3492 645 3556 his
668 3491 858 3569 virtutibus,
883 3492 976 3555 multi
999 3491 1092 3554 nobi·
1172 3512 1174 3515 ·

99 3604 190 3669 litate
231 3607 524 3687 praecucurrerunt.
568 3604 705 3687 primum
741 3603 972 3686 Peloponnesio
1006 3602 1090 3666 bello
