2460 4026
129 200 172 265 90
396 217 493 261 xvrrr.
516 213 674 261 nonnum.
703 193 798 258 1-3.

130 391 199 455 silio
234 411 357 475 semper
391 389 495 453 adfuit
530 392 563 454 et
597 387 742 453 omnium
776 408 880 450 rerum
912 385 1042 450 habitus
1072 387 1120 450 est
1157 380 1163 390 '

130 503 298 586 particeps.

109 615 129 678 2
175 613 361 678 Alexandro
392 612 558 696 Babylone
588 615 731 688 mortu0,
763 632 835 675 eum
860 628 962 692 regna
986 607 1121 692 singulis

130 725 341 790 familiaribus
375 724 620 808 dispertirentur
650 724 684 786 et
712 743 837 789 summa
866 742 972 784 rerum
1003 721 1122 784 tradita

99 839 213 900 aessct
242 835 362 900 tuenda
393 837 512 913 eidem,
544 833 596 898 cui
624 832 807 897 Alexander
826 833 965 897 moriens
989 832 1121 896 anulum

132 969 224 1012 suum
248 946 394 1026 dederat,
417 947 597 1039 Perdiccae·
610 946 662 1031 (ex
685 967 748 1030 quo
772 966 882 1010 ornnes
903 944 1121 1022 coniecerant,

134 1079 206 1121 eum
224 1078 359 1142 regnum
376 1058 405 1122 ei
425 1058 636 1123 commisisse.
661 1056 765 1141 quoad
784 1056 878 1120 liberi
892 1057 959 1121 eius
976 1057 1012 1120 in
1032 1077 1122 1120 suam

131 1167 267 1233 tutelam
286 1171 520 1254 pervenissent:
543 1171 676 1234 aberant
695 1169 781 1232 enim
801 1166 951 1233 Craterus
972 1169 1005 1231 et
1024 1165 1122 1232 Anti-

131 1282 241 1364 pater,
265 1280 320 1363 qui
344 1281 528 1346 antecedere
551 1280 637 1344 hunc
660 1280 868 1357 ridebantur,
889 1281 1034 1342 mortuus
1054 1282 1123 1342 erat

131 1391 343 1476 HephaestiO,
374 1413 468 1476 quem
497 1415 598 1455 unum
620 1390 822 1468 Alexander,
846 1391 933 1474 quod
955 1389 1049 1455 facile
1071 1391 1123 1454 in-

132 1502 236 1586 telligi
270 1506 394 1586 posset,
429 1504 559 1588 plurimi
591 1503 738 1588 fecerat),
774 1501 836 1566 hoo
869 1506 1012 1586 tempore
1049 1501 1126 1566 data

133 1615 182 1678 est
211 1613 349 1678 Eumeni
380 1612 581 1699 Cappadocia
607 1615 673 1679 sive
695 1615 803 1698 potius
826 1614 927 1678 dicta:
954 1635 1031 1677 nam
1055 1616 1125 1678 tum

97 1727 170 1790 sin
216 1725 357 1790 hostium
404 1731 472 1792 erat
518 1729 687 1811 potestate.
726 1725 813 1790 hunc
857 1725 918 1788 sibi
960 1725 1127 1790 Perdiccas

135 1838 325 1902 adiunxerat
354 1859 473 1922 magno
505 1838 625 1915 studio,
653 1837 738 1921 quod
760 1837 797 1899 in
819 1835 951 1900 homine
977 1834 1071 1899 fidem
1095 1837 1129 1899 et

135 1949 326 2012 industriam
357 1969 508 2032 magnam
538 1949 684 2027 videbat,
718 1969 789 2030 non⁴
809 1947 979 2024 dubitans,
1003 1945 1031 2010 si
1054 1967 1127 2010 eum

135 2058 331 2143 pellexisset,
364 2079 482 2143 magno
513 2060 585 2123 usui
615 2059 685 2124 iore
713 2059 773 2123 sibi
791 2059 827 2123 in
849 2059 888 2123 iis
911 2058 1022 2135 rebus,
1047 2079 1127 2141 quas

136 2155 321 2256 apparabat.
367 2172 531 2256 cogitabat
572 2172 676 2250 euim,
720 2174 806 2256 quod
845 2170 910 2235 fere
945 2190 1056 2233 omnes
1092 2169 1129 2233 in

135 2283 261 2365 magnis
291 2284 433 2368 imperiis
464 2284 711 2368 concupiscunt,
743 2283 888 2348 omnium
918 2282 1025 2365 partes
1055 2301 1128 2344 cor·

103 2396 240 2481 eripere
274 2397 370 2478 atque
405 2395 581 2479 complecti.
618 2415 721 2478 neque
756 2415 830 2458 vcro
862 2393 925 2456 hoc
956 2391 1010 2456 ille
1042 2391 1130 2456 solus

136 2507 228 2584 fecit,
249 2506 304 2570 sed
323 2506 420 2569 ceteri
438 2526 564 2589 quoque
583 2525 710 2583 omnes,
733 2505 789 2588 qui
804 2503 982 2568 Alexandri
1000 2503 1130 2568 fuerant

138 2616 240 2680 amici.
276 2617 397 2701 primus
430 2616 613 2681 Leonnatus
644 2615 867 2680 Macedoniam
898 2636 1131 2700 praeoccupare

136 2726 318 2792 destinarit.
348 2728 374 2792 is
397 2727 507 2792 multis
531 2728 720 2812 magnisque
742 2727 1029 2811 pollicitationibus
1053 2748 1131 2810 per·

139 2841 271 2905 suadere
302 2837 439 2903 Eumeni
466 2839 606 2918 studuit,
637 2844 673 2904 ut
702 2839 887 2904 Perdiccam
912 2838 1070 2902 desereret
1094 2860 1131 2904 ac

105 2970 246 3020 esecum
275 2950 395 3032 iaceret
426 2952 620 3018 societatem.
653 2972 727 3016 oum
756 2951 928 3035 perducere
960 2972 1032 3014 eum
1063 2971 1132 3014 non

138 3068 264 3152 posset,
292 3062 470 3128 interficere
502 3066 636 3128 conatus
667 3066 732 3140 est,
762 3066 794 3125 et
824 3061 966 3140 fecisset,
990 3062 1055 3126 nisi
1077 3061 1132 3127 ille

140 3177 221 3241 clam
244 3177 344 3241 noctu
367 3196 407 3239 ex
431 3175 598 3259 praesidiis
622 3175 689 3239 eius
713 3172 887 3256 effugisset.

119 3289 139 3354 3
184 3287 321 3352 Interim
352 3287 490 3352 conflata
520 3288 597 3351 sunt
617 3285 673 3350 illa
695 3282 796 3362 bella,
822 3305 904 3368 quae
926 3284 968 3347 ad
989 3284 1132 3351 interne·

140 3397 265 3462 cionem
296 3403 369 3482 post
399 3397 574 3462 Alexandri
604 3398 740 3460 mortem
771 3399 862 3480 gesta
885 3398 978 3478 sunt,
1003 3417 1132 3462 omnes-

141 3531 203 3595 que
234 3512 465 3574 coucurrerunt
488 3511 529 3572 ad
549 3507 733 3572 Perdiccam
757 3506 1011 3592 opprimendum.
1037 3529 1133 3591 quem

55 3629 71 3658 ²
143 3622 203 3686 etsi
232 3617 396 3684 infirmum
425 3620 574 3704 videbat,
602 3621 688 3704 quod
710 3640 794 3684 unus
816 3618 964 3684 omnibus
986 3619 1135 3687 resistere
