2460 4026
405 257 472 302 xvr.
497 256 682 304 innormis.
709 236 739 299 4.
767 235 797 302 5.
1053 237 1095 302 81

101 451 215 517 pugna
239 430 430 514 imperatore
456 428 682 513 Epaminonda
705 429 758 494 hie
781 429 844 494 fuit
868 430 932 493 dux
956 428 1096 493 delectae

103 564 235 625 manus,
260 563 341 625 quae
362 540 500 624 primam
519 540 715 625 phalangem
726 541 902 625 prostravit
920 537 1094 603 Laconum.

102 654 252 720 omnibus
271 656 434 737 praeterea
453 652 519 716 eius
538 652 686 735 perieulis
706 652 810 717 adfuit
822 653 932 738 (sieut,
946 650 1125 736 Spartame
1227 724 1229 728 μ

101 789 177 832 oum
220 764 438 849 oppugnavit,
483 763 617 827 alterum
659 765 764 828 tenuit
807 765 937 849 cornu),
971 784 1097 847 quoque

101 877 249 944 Messena
282 874 414 939 celerius
438 862 677 954 restitueretur,
704 875 830 958 legatus
854 874 889 937 in
913 873 1026 938 Persas
1050 877 1098 937 est

101 988 274 1074 profectus.
309 986 446 1071 ‘denique
477 984 557 1051 haee
588 986 651 1050 fuit
674 985 774 1051 altera
797 1006 934 1071 persona
958 983 1095 1062 Thebis,

101 1101 158 1165 sed
177 1103 288 1162 tamen
306 1098 445 1162 secunda
462 1098 509 1162 ita
519 1146 527 1176 ‚
539 1103 576 1162 ut
587 1099 732 1183 proxima
744 1101 827 1163 esset
837 1096 1093 1181 Epaminondae.

149 1209 361 1275 Conflictatus
395 1212 501 1274 autem
525 1212 574 1274 est
598 1231 670 1274 eum
694 1210 825 1274 adversa
849 1208 991 1273 fortuna.
1018 1204 1128 1270 nam5

100 1325 137 1386 et
159 1320 270 1396 initi0,
290 1320 373 1384 sieut
391 1321 606 1397 ostendimur,
627 1322 699 1385 exul
718 1321 822 1406 patria
843 1320 944 1385 earuit
961 1322 1011 1396 et,
1025 1339 1098 1382 oum

101 1431 299 1497 Thessaliam
333 1433 369 1495 in
404 1435 597 1516 potestatem
632 1433 858 1496 Thebanorum
891 1432 1021 1515 superet
1044 1451 1095 1493 re-

102 1543 211 1627 digere
248 1542 482 1628 legationisque
517 1544 585 1608 iure
614 1545 691 1607 satis
723 1547 844 1608 testum
868 1565 901 1608 se
925 1542 1096 1606 arbitrare-

102 1658 174 1731 tur,
199 1654 284 1739 quod
308 1657 392 1738 apud
415 1675 525 1719 omnes
548 1658 661 1740 gentes
685 1658 831 1718 sanetum
856 1676 923 1718 0000
947 1673 1096 1717 oonsues·

101 1767 167 1842 set,
192 1787 211 1828 a
246 1766 385 1849 tyranno
407 1765 593 1830 Alexandro
617 1765 758 1830 Pheraeo
783 1766 877 1829 simul
900 1786 973 1828 eum
996 1763 1097 1828 Isme-

101 1877 159 1942 nia
200 1876 447 1961 eomprehensus
485 1877 521 1940 in
556 1876 686 1941 vincula
721 1878 882 1942 coniectus
918 1879 975 1940 est.
1011 1873 1098 1939 huna

102 1987 345 2072 Epaminondas
379 1988 595 2072 recuperavit,
627 1989 712 2054 bello
737 2010 929 2073 persequens
952 1986 1097 2051 Alexan·
1220 2040 1228 2057 s

101 2102 206 2164 drum.
220 2085 308 2182 ¹post
328 2099 363 2184 id
386 2099 507 2163 laetum
531 2122 705 2185 numquam
724 2101 831 2163 animo
850 2099 971 2184 planari
990 2098 1098 2182 potuit

101 2213 139 2275 in
170 2232 261 2288 eum,
286 2233 305 2274 a
339 2231 402 2295 quo
433 2214 502 2276 erat
527 2212 675 2290 violatus,
698 2213 807 2296 itaque
831 2208 988 2294 persuasit
1011 2206 1096 2271 The·

101 2321 195 2386 banis
229 2324 266 2385 ut
297 2322 437 2386 subsidio
472 2322 652 2388 Thessaliae
683 2322 958 2407 proficiscerentur
982 2322 1096 2403 tyran-

102 2453 225 2517 nosque
259 2433 327 2497 eius
360 2434 565 2518 expellerent.
603 2435 692 2498 euius
721 2434 797 2498 belli
823 2455 895 2497 eum
919 2431 948 2495 ei
971 2446 1125 2495 summae

100 2549 184 2609 esset
219 2545 295 2633 data
325 2567 426 2630 eoque
458 2566 531 2610 eum
555 2547 697 2610 exercitu
721 2545 882 2631 profectus
905 2545 1004 2621 esset,
1029 2563 1096 2607 non

62 2660 65 2665 '
101 2655 278 2734 dubitavit,
314 2656 471 2721 simulac
497 2659 664 2742 conspexit
686 2657 831 2734 hostem,
856 2655 1037 2739 confligere.
1061 2653 1125 2716 ine

99 2787 164 2852 quo
199 2767 320 2850 proelio
355 2767 575 2834 Alexandrum
607 2772 643 2833 ut
675 2767 921 2844 animadvertit,
945 2766 1095 2829 incensus

100 2877 149 2942 ira
185 2899 302 2962 equum
336 2879 372 2942 in
401 2900 474 2942 eum
499 2879 673 2944 concitavit
695 2878 869 2963 proculque
893 2877 1096 2960 digressusa
1221 2951 1223 2954 y

98 2988 168 3052 suis
202 2991 346 3055 coniectu
380 2990 517 3054 telorum
542 2990 706 3056 confossus
739 2988 889 3054 considit.
915 2991 1016 3071 atque
1033 2986 1096 3050 hoe

98 3098 240 3162 secunda
274 3100 408 3164 viatoria
443 3101 573 3166 aoeidit:
609 3123 684 3165 nam
716 3101 780 3164 iam
803 3100 978 3165 inclinatae
1004 3099 1096 3160 erant

101 3213 316 3295 tyrannorum
351 3212 470 3295 copiae.
503 3184 566 3297 quo
597 3211 685 3276 facto
708 3233 818 3276 omnes
842 3209 1025 3275 Thessaliae
1049 3207 1123 3273 ci-5

100 3321 217 3387 vitates
253 3321 457 3386 interfectum
486 3322 672 3408 Pelopidam
696 3324 819 3388 coronis
845 3321 947 3385 aureis
971 3323 1004 3385 et
1043 3323 1095 3385 ta-

101 3431 168 3497 tuis
191 3433 297 3496 ae'neis
319 3431 498 3519 liberosque
522 3432 589 3498 eius
612 3432 714 3498 multo
738 3455 815 3518 agro
840 3436 1013 3501 donarunt.
