2460 4026
375 265 471 308 xxm.
497 262 672 310 anamma.
700 245 752 310 10.
782 245 832 308 12.
1031 247 1095 311 119

102 441 219 503 tatem:
252 459 347 521 quem
371 438 397 501 si
421 437 624 515 removisset,
647 437 792 502 faciliora
816 438 877 502 sibi
901 442 1005 504 cetera
1028 440 1096 505 fore

102 549 330 615 arbitrabatur.
373 550 414 613 ad
456 549 543 613 hunc
584 549 840 614 interficiendum
882 551 981 614 talem
1022 551 1096 617 iniit

101 662 269 727 rationem.
292 654 399 724 ¹classe
422 660 532 744 paucis
556 659 666 724 diebus
690 663 783 724 erant
805 661 969 725 decreturi.
997 680 1122 747 supe-4
1164 740 1168 749 .

101 776 235 839 rabatur
266 773 397 838 navium
429 772 650 836 multitudine:
677 772 749 837 dolo
774 777 843 838 erat
866 773 1094 858 pugnandum,

102 909 177 951 cum
212 907 270 970 par
303 906 371 949 non
395 887 477 949 esset
501 884 606 950 armis.
631 884 801 968 imperavit
823 906 920 969 quam
943 885 1097 969 plurimas

104 999 279 1062 venenatas
303 1000 463 1082 serpentes
487 995 575 1060 vivas
599 996 709 1080 colligi
726 1018 842 1081 easque
861 997 897 1060 in
916 1018 992 1060 vasa
1011 995 1095 1059 ficti-

101 1109 146 1172 lia
189 1108 314 1173 coniici.
350 1108 465 1171 harum
501 1128 574 1171 curn
607 1107 761 1171 effecisset
795 1094 962 1191 magnam
984 1107 1123 1170 multi-5

105 1219 267 1297 tudinem,
286 1218 337 1282 die
355 1219 444 1302 ipso,
466 1239 529 1302 quo
549 1217 692 1282 facturus
703 1221 782 1282 ¹erat
794 1219 908 1283 navale
919 1218 1094 1303 proelium,

103 1329 282 1395 classiarios
317 1334 472 1419 convocat
505 1329 607 1413 iisque
640 1330 812 1414 praecipit,
848 1334 884 1394 ut
918 1350 1029 1394 omnes
1062 1330 1097 1392 in

102 1464 200 1506 unam
235 1440 388 1505 Eumenis
424 1441 509 1525 regis
543 1444 735 1506 concurrant
769 1441 900 1531 navem,
934 1465 952 1505 a
984 1441 1096 1505 ceteris

51 1533 56 1539 .
102 1557 231 1616 tantum
267 1552 343 1617 satis
377 1553 517 1616 habeant
552 1574 585 1618 se
619 1552 798 1618 defendere.
835 1554 869 1617 id
899 1553 972 1618 illos
1002 1551 1096 1616 facile

33 1676 35 1680 '
101 1665 299 1750 serpentium
332 1663 540 1731 multitudine
575 1667 808 1729 consecuturos.
841 1687 899 1728 rex
929 1667 1037 1728 autem
1059 1664 1126 1728 int
1186 1747 1188 1751 y

102 1799 167 1861 qua
198 1799 281 1840 nave
311 1775 498 1855 veheretur,
522 1780 560 1841 ut
582 1777 720 1860 scirent,
745 1798 778 1841 sc
800 1776 977 1840 facturum:
1003 1796 1099 1859 quem

103 1890 131 1953 si
169 1889 227 1951 aut
258 1887 415 1970 cepissent
443 1891 499 1952 aut
520 1886 770 1971 interfecissent,
797 1907 915 1970 magno
939 1887 978 1951 iis
1000 1886 1097 1970 polli-

102 2001 192 2062 cetur
222 1997 365 2081 praemio
396 1996 474 2062 tore.
510 1998 568 2061 tali
599 1997 819 2063 cohortatione
850 1998 990 2062 militurn
1012 1996 1140 2061 factall

102 2111 211 2174 classis
246 2110 287 2174 ab
322 2109 465 2193 utrisque
500 2110 535 2173 in
569 2110 726 2192 proelium
760 2109 936 2173 deducitur.
961 2130 1097 2192 quarum

104 2221 172 2284 acie
207 2220 400 2303 constituta,
435 2219 622 2304 priusquam
646 2220 775 2304 signum
798 2241 927 2304 pugnae
950 2220 1096 2296 daretur,

103 2331 287 2415 Hannibal,
318 2334 356 2395 ut
378 2331 485 2416 palam
508 2331 628 2396 faceret
650 2331 731 2407 suis,
756 2353 820 2416 quo
843 2333 914 2396 loco
937 2331 1096 2395 Eumenes

103 2445 202 2520 esset,
227 2442 430 2507 tabellarium
453 2442 489 2506 in
512 2442 630 2526 scapha
654 2463 726 2506 cum
751 2444 886 2508 caduceo
908 2443 1019 2507 mittit.
1041 2443 1124 2527 quia

93 2554 159 2619 ,ubi
202 2557 242 2617 ad
283 2575 380 2617 naves
414 2555 668 2619 adversariorum
702 2555 833 2640 pevenit
867 2555 1096 2639 epistolamque
1164 2612 1166 2616 ,

103 2667 274 2729 ostendens
309 2685 342 2728 se
376 2687 485 2750 regem
519 2665 685 2751 professus
715 2669 763 2731 est
793 2689 961 2751 quaerere,
987 2667 1096 2732 statim

101 2779 143 2840 ad
178 2777 354 2841 Eumenem
391 2778 544 2842 deductus
579 2781 640 2856 est,
675 2780 761 2862 quod
792 2801 886 2842 nemo
910 2778 1093 2862 dubitabat,

101 2888 181 2971 quin
205 2888 325 2972 aliquid
349 2889 388 2952 de
410 2910 488 2973 pace
513 2892 595 2953 esset
618 2890 783 2974 scriptum.
802 2890 988 2954 tabellarius
1008 2888 1096 2954 ducis

102 3021 185 3064 nave
219 3001 379 3064 declarata
414 3001 478 3065 suis
514 3001 642 3079 eodem,
661 2990 759 3066 'unde
784 3005 851 3065 erat
875 3021 1038 3086 egressus,
1062 3022 1095 3064 se

99 3112 231 3195 recepit.
270 3115 304 3175 at
326 3111 487 3176 Eumenes
511 3113 616 3176 soluta
640 3112 774 3196 epistola
797 3112 881 3175 nihil
903 3112 938 3174 in
962 3134 999 3177 ca
1022 3127 1123 3196 rep-3

100 3221 202 3305 perit,
228 3222 290 3286 nisi
313 3245 394 3306 quae
412 3224 453 3287 ad
470 3223 665 3287 irridendum
685 3245 757 3286 eum
777 3223 985 3308 pertinerent.
1007 3222 1095 3287 cuius

100 3335 147 3398 rei
184 3334 243 3398 etsi
278 3355 406 3397 causam
438 3334 615 3398 mirabatur
642 3355 743 3417 neque
767 3333 960 3417 reperiebat,
985 3337 1094 3398 tamen

100 3445 258 3529 proelium
295 3445 403 3509 statim
439 3445 637 3509 committam
671 3467 738 3509 non
774 3444 943 3508 dubitavit.
979 3444 1124 3510 horume

100 3560 138 3620 in
173 3578 327 3621 concursu
364 3556 500 3641 Bithyni
524 3556 718 3644 Hannibalis
754 3558 924 3641 praecepto
955 3557 1095 3621 universi

101 3689 217 3732 navem
256 3667 409 3732 Eumenis
446 3668 644 3732 adoriuntur.
683 3689 818 3752 quorum
854 3669 918 3732 vim
942 3690 1000 3730 rex
1022 3690 1100 3730 curn
