2460 4026
143 169 207 232 134
413 187 491 232 uxr.
515 187 653 232 armeus.
682 169 733 231 12.
760 166 812 233 13.

140 360 313 446 scriptione
342 360 523 446 perillustre
553 361 627 426 fuit.
658 383 734 425 nam
758 383 830 426 cum
853 362 890 426 L.
915 362 1023 429 Saufei
1046 365 1138 450 equi·

141 473 183 536 tis
213 473 368 551 Romani,
400 473 540 558 aequalis
571 474 636 552 sui,
662 474 717 559 qui
739 474 918 558 complures
942 498 1047 542 annos
1069 482 1138 542 stu·

42 587 48 595 '
142 584 194 648 dio
218 585 332 649 ductus
354 584 575 669 philosophiae
593 585 763 649 habitabat
780 583 917 650 Athenis
936 587 1138 672 habebatque

142 697 176 760 in
208 697 303 762 Italia
334 697 488 781 pretiosas
511 697 741 781 possessiones,
766 697 926 762 triumviri
949 699 1037 764 bona
1059 723 1138 765 ven·

142 809 298 873 didissent
329 808 556 873 consuetudine
589 830 643 892 ea,
676 831 740 894 qua
763 812 833 873 tum
855 832 905 874 res
926 812 1137 894 gerebantur,

141 919 244 985 Attici
273 920 383 985 labore
415 923 511 1005 atque
541 921 700 985 industria
731 920 853 985 factum
878 925 943 1000 est,
969 926 1006 986 ut
1028 924 1138 989 eodem

142 1031 258 1095 nuntio
291 1031 436 1097 Saufeius
465 1033 556 1096 fieret
586 1032 701 1096 certior
733 1054 765 1097 se
795 1032 1025 1117 patrimonium
1057 1035 1138 1100 ami·

113 1142 217 1207 esisse
248 1147 281 1208 et
307 1166 516 1229 recuperasse.
542 1145 627 1208 idem
650 1144 686 1208 L.
710 1144 830 1209 Iulium
854 1143 1018 1225 Calidum,
1044 1168 1139 1231 quem

142 1257 217 1340 post
245 1254 385 1320 Lucretii
420 1254 602 1339 Catullique
636 1258 773 1320 mortem
802 1257 905 1321 multo
936 1258 1155 1342 elegantissi-‘

142 1389 230 1431 mum
265 1372 392 1452 poetam
429 1370 573 1432 nostram
608 1367 718 1432 tulisse
753 1372 891 1433 aetatem
925 1391 998 1434 vere
1030 1369 1140 1434 videor

142 1500 234 1563 posse
266 1480 475 1564 contendere,
506 1501 609 1564 neque
639 1479 744 1544 minus
774 1480 879 1545 virum
906 1480 1028 1545 bonum
1053 1481 1140 1566 opti·

141 1590 265 1674 misque
297 1592 419 1656 artibus
451 1592 626 1669 eruditum,
659 1595 734 1676 post
759 1592 1026 1677 proscriptionem
1049 1593 1139 1677 equi-

142 1705 211 1767 tum
242 1707 374 1788 propter
404 1725 539 1789 magnas
569 1705 635 1768 eius
667 1702 837 1768 Africanas
867 1704 1081 1787 possessiones
1103 1704 1140 1768 in

141 1816 393 1899 proscriptorum
428 1837 595 1880 numerum
631 1837 649 1878 a
684 1815 720 1879 P.
754 1813 947 1891 Volumnio,
978 1815 1140 1900 praefecto

115 1924 269 1991 efabrum
303 1927 454 2012 Antonii,
487 1927 653 1990 absentem
683 1925 819 1989 relatum
850 1925 1020 2011 expedivit.
1054 1929 1141 2010 quod

140 2038 176 2101 in
199 2036 360 2121 praesenti
384 2040 491 2100 utrum
513 2037 543 2100 ei
564 2035 752 2099 laboriosius
771 2057 814 2098 an
832 2036 1000 2119 gloriosius
1019 2036 1138 2143 fuerit,

142 2149 270 2215 difficile
305 2153 353 2214 est
382 2148 540 2225 iudicare,
572 2147 658 2232 quod
688 2147 725 2211 in
755 2167 863 2211 eorum
895 2149 1043 2233 periculis
1073 2171 1141 2214 non

142 2284 231 2327 secus
264 2262 411 2326 absentes
441 2282 538 2344 quam
568 2263 749 2344 praesentes
779 2259 898 2324 amieos
929 2259 1040 2326 Attico
1073 2283 1141 2327 esse

142 2396 236 2439 curae
259 2372 425 2457 cognitum
449 2374 506 2438 est.

99 2487 141 2552 13
186 2484 300 2571 Neque
342 2506 417 2550 vero
446 2482 501 2548 ille
532 2483 638 2547 minus
666 2483 770 2547 bonus
792 2485 885 2567 pater
906 2483 1045 2550 familias
1080 2485 1140 2550 ha-

142 2598 229 2662 bitus
264 2599 313 2661 est
345 2618 441 2680 quam
477 2594 563 2660 civis.
600 2616 677 2657 nam
711 2617 783 2659 cum
818 2599 900 2661 esset
929 2596 1139 2681 pecuniosus,

141 2729 237 2772 nemo
256 2708 316 2772 'illo
340 2707 446 2771 minus
470 2706 533 2770 luit
556 2728 665 2784 emax,
689 2707 796 2772 minus
820 2707 1014 2773 aedificator.
1037 2730 1142 2792 neque
1211 2690 1215 2700 ’

142 2823 251 2882 tamen
294 2840 361 2883 non
402 2819 438 2883 in
479 2819 591 2904 primis
624 2819 705 2883 bene
738 2819 899 2885 habitavit
930 2819 1142 2905 omnibusque

117 2930 275 3016 aoptimis
305 2931 401 2996 rebus
429 2953 503 2996 usus
527 2934 584 2995 est.
609 2953 686 2994 nam
710 2931 841 2995 domum
864 2931 979 2996 habuit
1000 2932 1035 2995 in
1060 2931 1142 2997 colle

145 3041 303 3118 Quirinali
333 3042 610 3129 Tamphilianam,
643 3043 683 3107 ab
708 3043 866 3108 avunculo
890 3042 1066 3108 hereditate
1089 3065 1141 3109 re-

144 3152 271 3232 lictam,
296 3154 385 3220 cuius
408 3155 585 3220 amoenitas
608 3175 676 3218 non
699 3153 861 3232 aedificio,
885 3155 941 3219 sed
962 3155 1044 3220 silva
1066 3177 1143 3221 con·

145 3268 269 3332 stabat:
303 3267 408 3353 ipsum
444 3267 530 3331 enim
564 3269 685 3331 tectum
717 3256 895 3350 antiquitus
927 3268 1141 3333 constitutum

144 3378 216 3462 plus
239 3381 335 3464 spatii
356 3402 453 3465 quam
476 3384 600 3444 sumtus
622 3378 779 3443 habebat:
803 3378 839 3441 in
863 3399 927 3463 quo
951 3379 1033 3443 nihil
1056 3400 1142 3444 com·

117 3490 299 3569 emutavit,
329 3490 393 3557 uisi
424 3491 450 3556 si
477 3491 554 3576 quid
578 3493 737 3555 vetustate
761 3493 888 3555 coaetus
912 3494 969 3556 est.
993 3514 1070 3556 usus
1093 3494 1144 3558 est

143 3600 280 3690 familia,
303 3603 330 3669 si
349 3603 488 3670 utilitate
506 3602 713 3668 iudicandum
734 3605 800 3681 est,
820 3602 958 3688 optima,
978 3601 1141 3683 siforma,
