2460 4026
426 207 510 253 xv11.
535 198 719 251 censimus.
745 186 775 249 4.
801 183 832 248 5.
1059 182 1101 247 85

105 381 243 447 sentium
286 379 550 464 magistratuum,
593 382 631 443 ut
665 379 692 443 si
725 378 869 463 privatus
902 376 937 441 in
972 375 1101 440 comitio

105 497 186 558 esset
230 491 372 576 Spartae.
418 491 507 555 cuius
549 491 728 575 exemplum
770 489 895 554 utinam
929 488 1101 571 imperato-

103 626 154 669 res
195 605 296 669 nost'
342 603 431 686 sequi
473 603 666 667 voluissent!
711 605 766 666 sed
809 601 885 665 illuc
927 599 1129 664 redeamuse

102 715 272 799 Agesilaus
328 713 569 798 opulentissimo
616 733 717 797 regno
762 711 948 796 praeposuit
982 710 1100 774 bonam

103 825 372 890 existimationem
407 825 572 909 multoque
608 824 777 908 gloriosius
808 823 916 900 duxit,
950 822 976 886 si
1006 821 1101 884 insti·
1226 846 1229 851 ·

103 937 182 1001 tutis
224 936 347 1019 patriae
389 935 562 1019 paruisset,
605 956 701 1018 quam
743 934 770 998 si
804 934 887 998 bello
922 935 1101 1016 superasset

103 1047 227 1113 Asiam.
251 1046 312 1110 hac
334 1046 434 1130 igitur
456 1050 564 1111 mente
583 1045 837 1130 Hellespontum
851 1044 958 1128 copias
978 1044 1129 1108 traiecit4

102 1161 258 1241 tantaque
290 1180 365 1222 usus
398 1163 446 1223 est
477 1158 655 1236 celeritate,
686 1160 741 1234 ut,
773 1156 859 1240 quod
889 1156 951 1219 iter
982 1154 1101 1218 Xerxes

103 1290 190 1334 anno
221 1271 366 1333 vertente
390 1269 588 1348 confecerat,
612 1269 664 1333 hic
688 1268 852 1332 transierit
874 1267 1009 1351 triginta
1034 1266 1100 1328 die-

102 1380 172 1444 bus.
209 1401 281 1444 cum
316 1381 380 1445 iam
416 1380 503 1445 haud
533 1383 580 1446 ita
611 1383 709 1466 longe
738 1381 863 1445 abesset
893 1402 911 1443 a
938 1377 1124 1460 Pelopon-5

103 1512 197 1569 naso,
222 1491 374 1556 obsistere
398 1493 427 1556 ei
451 1493 558 1556 conati
582 1497 660 1556 sunt
683 1492 896 1556 Athenienses
929 1493 961 1554 et
987 1487 1102 1552 Boeoti

103 1603 270 1694 ceterique·
292 1624 401 1667 eorum
433 1604 511 1668 socii
544 1605 628 1688 apud
659 1602 855 1669 Coroneam:
889 1623 968 1687 quos
991 1621 1101 1664 omnes

102 1714 194 1798 gravi
224 1713 345 1797 proelio
376 1715 464 1778 vicit.
495 1714 590 1778 huius
620 1715 770 1779 victoriae
793 1714 853 1800 'uvel
876 1712 1015 1776 maxima
1038 1709 1128 1773 tuito

101 1824 188 1902 laus,
224 1827 328 1908 quod,
359 1847 431 1889 cum
462 1826 605 1909 plerique
636 1848 674 1889 ex
705 1826 784 1910 fuga
816 1848 849 1890 se
879 1825 914 1888 in
944 1822 1100 1906 templum

101 1935 267 2000 Minervae
291 1935 502 2001 coniecissent
525 1940 791 2022 quaerereturque
817 1937 857 2001 ab
881 1958 938 2015 eo,
962 1935 1039 2020 quid
1061 1935 1100 1998 iis
1201 1938 1204 1943 ’

102 2046 199 2133 ¹vellet
228 2046 313 2124 fieri,
347 2048 406 2111 etsi
432 2047 553 2132 aliquot
575 2050 707 2113 vulnera
730 2051 895 2132 acceperat
917 2069 953 2112 eo
977 2047 1098 2130 proelio

101 2160 134 2221 et
157 2157 258 2221 iratus
280 2158 451 2222 videbatur
474 2160 640 2238 omnibus,
666 2160 721 2244 qui
740 2163 890 2225 adversus
907 2181 996 2222 arma
1015 2157 1098 2220 tule-

100 2270 194 2349 rant,
227 2271 335 2333 tamen
367 2271 519 2334 antetulit
549 2271 615 2334 irae
645 2270 832 2355 religionem
864 2273 898 2334 et
920 2290 972 2333 eos
988 2267 1098 2332 'vetuit

101 2379 223 2445 violari.
255 2401 359 2464 neque
391 2403 465 2446 vero
497 2381 558 2447 hoc
590 2382 693 2446 solum
724 2383 760 2445 in
789 2381 921 2446 Graecia
943 2382 1038 2458 fecit,
1063 2385 1125 2445 ut7

100 2493 221 2574 templa
250 2492 381 2556 deorum
412 2496 524 2557 sancta
545 2493 696 2571 haberet,
720 2494 774 2558 sed
798 2495 893 2558 etiam
918 2493 1002 2577 apud
1024 2492 1098 2557 bar-

100 2603 196 2665 baros
242 2625 365 2667 summa
406 2605 562 2689 religione
605 2606 712 2669 omnia
754 2605 923 2669 simulacra
966 2625 1099 2688 arasqne

101 2714 311 2778 conservavit.
347 2715 457 2800 itaque
491 2715 696 2799 praedicabat
727 2716 836 2780 mirari
867 2738 900 2780 se
938 2737 1005 2779 non
1046 2729 1125 2779 sar-8

101 2823 294 2908 crilegorum
326 2847 458 2890 numero
489 2827 618 2904 haberi,
652 2827 707 2910 qui
737 2827 933 2911 supplicibus
965 2829 1095 2890 deorum

99 2934 301 3014 nocuissent,
337 2940 394 3001 aut
428 2960 496 3003 non
531 2938 730 3022 gravioribus
765 2938 876 3022 poenis
910 2939 1010 3016 affici,
1042 2938 1097 3020 qui

100 3046 288 3130 religionem
312 3049 511 3127 minuerent,
537 3071 633 3134 quam
657 3049 718 3134 qui>
734 3049 813 3113 fana
836 3049 1019 3133 spoliarent.

145 3158 224 3223 Post
245 3160 307 3224 hoc
331 3160 487 3244 proelium
511 3161 662 3226 collatum
686 3182 780 3224 omne
803 3160 922 3224 bellum
947 3161 995 3223 est
1015 3157 1126 3222 circat

99 3268 291 3335 Corinthum
324 3272 458 3355 ideoque
491 3271 694 3338 Corinthium
725 3274 774 3336 est
805 3270 1011 3357 appellatum.
1045 3269 1123 3333 hice

99 3404 171 3447 cum
201 3405 266 3446 una
289 3403 400 3467 pugna
424 3384 531 3448 decem
555 3382 656 3448 millia
680 3382 821 3447 hostium
843 3380 994 3465 Agesilao
1017 3381 1096 3446 duce
1197 3428 1200 3433 ·

101 3493 288 3558 cecidissent
330 3515 429 3578 eoque
463 3494 549 3560 facto
586 3517 661 3580 opes
695 3492 947 3559 adversariorum
982 3492 1095 3557 debili-

98 3606 186 3668 tatae
214 3605 417 3683 viderentur‚
440 3609 568 3670 tantum
593 3606 675 3670 afuit
697 3605 737 3669 ab
762 3604 934 3670 insolentia
957 3603 1094 3688 gloriae,
