2460 4026
443 184 688 229 1111111111.
714 165 744 229 5.
770 164 800 228 6.
1054 162 1096 229 65

100 381 175 423 oum
218 357 282 422 suis
321 358 357 421 in
393 354 628 440 Cappadociam
663 357 795 421 discedit
830 356 1097 441 coniunctamque

100 471 177 534 huic
211 469 468 554 Paphlagoniam
500 471 652 552 occupat,
683 468 806 546 celans,
838 488 901 552 qua
930 468 1099 533 voluntate

100 583 185 647 esset
214 581 250 645 in
282 601 400 666 regem.
433 579 514 644 olam
547 579 859 644 1111Α1111111111
887 578 965 643 facit
988 582 1098 645 amici-

99 693 197 770 tiam,
236 714 367 756 manum
398 694 579 775 comparet,
611 693 705 756 urbes
737 692 879 756 munitas
909 692 973 756 suis
1004 697 1098 757 tuen-

101 784 159 868 das
183 804 293 869 tradit.

149 912 210 979 Sed
240 914 320 979 haec
349 916 480 999 propter
510 913 646 978 hiemale
668 918 795 998 tempus
819 915 925 979 minus
949 918 1128 1000 prospere6

100 1027 326 1112 procedebant.
358 1025 448 1089 audit
478 1025 602 1090 Pisidas
633 1028 787 1109 quasdam
819 1026 926 1110 copias
950 1031 1099 1094 adversus

100 1161 135 1204 se
166 1159 289 1223 parare.
322 1137 425 1200 filium
457 1158 493 1200 eo
523 1135 695 1201 Arsideum
720 1159 791 1201 oum
814 1139 955 1202 exercitu
978 1140 1098 1203 mittit:

102 1250 190 1316 cadit
231 1250 267 1313 in
307 1249 428 1333 proelio
463 1248 657 1313 adolescens.
690 1249 902 1334 proficiscitur
937 1272 973 1314 10
1008 1254 1099 1335 pater

101 1382 171 1426 non
200 1362 247 1424 ita
277 1382 349 1424 oum
372 1381 491 1444 magna
513 1383 630 1438 manu,
655 1361 777 1437 celans,
801 1364 958 1445 quantum
982 1362 1100 1427 vulnus

102 1472 292 1556 accepisset,
319 1472 404 1556 quod
426 1471 514 1555 prius
538 1472 578 1535 ad
601 1471 726 1536 hostem
749 1473 913 1555 pervenire
933 1473 1098 1557 cupiebat,

102 1605 201 1667 quam
233 1583 271 1646 de
294 1583 377 1647 male
399 1604 433 1646 re
457 1586 547 1666 gesta
569 1583 655 1647 fama
678 1583 718 1647 ad
743 1605 815 1648 suos
839 1585 1036 1669 perveniret,
1061 1607 1102 1650 ne

103 1695 235 1780 cognita
265 1694 324 1758 filii
348 1699 449 1759 morte
472 1695 574 1758 animi
598 1695 840 1759 debilitarentur
863 1695 1011 1760 militum.
1038 1712 1129 1779 quoa

101 1807 313 1872 contenderat
353 1807 500 1891 pervenit
533 1807 633 1890 iisque
667 1807 745 1870 locis
781 1810 885 1871 111111
919 1808 1030 1891 ponit,
1065 1809 1103 1870 ut

103 1940 208 2003 neque
253 1918 416 2009 circumiri
453 1918 662 1982 multitudine
705 1918 957 1983 adversariorum
994 1922 1102 2004 posset
1169 1977 1170 1980 ,

103 2051 206 2113 neque
249 2028 413 2113 impediri,
458 2050 520 2113 quo
562 2029 669 2093 minus
704 2029 771 2112 ipse
808 2033 848 2093 ad
884 2020 1100 2094 dimicandum

100 2122 235 2206 'manum
277 2140 409 2205 haberet
449 2141 641 2224 expeditam.
681 2144 750 2204 erat
785 2162 857 2204 oum
892 2162 928 2204 eo
964 2140 1130 2204 Mithro-a

103 2253 276 2331 hemanea,
308 2273 396 2317 socer
426 2252 510 2329 eius,
542 2251 719 2335 praefectus
751 2252 903 2336 equitum.
938 2252 965 2316 is
990 2252 1101 2335 despe-

103 2365 183 2429 11111
215 2363 324 2448 generi
354 2365 448 2429 rebus
480 2365 519 2428 ad
550 2363 657 2429 hostes
685 2363 870 2449 transfugit.
894 2364 927 2428 id
950 2364 1102 2428 Datames

103 2480 139 2541 ut
170 2476 309 2558 audivit,
343 2476 459 2553 sensit,
491 2476 519 2539 si
548 2476 582 2540 in
613 2476 741 2540 turbam
773 2476 889 2540 exisset
911 2476 952 2539 ab
974 2475 1103 2540 homine

104 2592 172 2652 tam
204 2588 379 2652 necessario
412 2610 445 2652 se
477 2588 642 2666 relietum,
675 2587 818 2653 futurum
841 2592 878 2651 ut
900 2588 995 2652 ceteri
1018 2589 1103 2652 idem

102 2699 272 2765 consilium
294 2703 508 2783 sequerentur.
530 2700 637 2784 itaque
657 2700 691 2763 in
711 2701 828 2784 vulgus
848 2700 930 2764 edit:
944 2721 1001 2763 suo
1014 2699 1130 2764 iussua

103 2812 397 2877 Mithrobarzanem
429 2810 608 2894 profectum
629 2832 688 2895 pro
714 2810 864 2896 perfuga,
890 2832 953 2895 quo
978 2809 1102 2876 facilius

103 2928 248 3009 receptus
280 2922 474 2987 interficeret
504 2922 628 3004 hostes:
661 2945 758 3006 quere
785 2923 924 3007 relinqui
947 2945 1019 2987 eum
1042 2944 1102 3007 par

103 3055 172 3098 non
202 3056 269 3100 esse
300 3038 332 3098 et
363 3055 473 3098 omnes
504 3033 672 3098 confestim
704 3034 801 3118 sequi.
834 3034 919 3118 quod
944 3035 970 3098 si
994 3033 1101 3097 animo

102 3143 233 3211 strenuo
264 3146 429 3222 fecissent,
462 3143 606 3209 futurum
629 3148 666 3209 ut
689 3146 860 3210 adversarii
883 3167 950 3209 non
972 3146 1104 3229 possent

103 3259 265 3341 resistere,
300 3279 372 3322 oum
404 3259 435 3320 et
466 3257 554 3320 intra
584 3257 703 3321 vallum
729 3255 761 3321 et
783 3257 860 3321 foris
885 3255 1100 3321 caederentur.

103 3369 163 3434 heo
205 3391 240 3433 re
279 3369 414 3453 probata
448 3369 620 3432 exercitum
654 3368 775 3446 educit,
811 3367 1132 3432 Mithrobarzanemo

103 3481 321 3567 persequitur:
356 3480 411 3564 qui
442 3482 570 3544 tantum
594 3483 679 3564 quod
704 3480 744 3544 ad
768 3479 874 3544 hostes
898 3482 1102 3563 pervenerat,
1203 3462 1207 3469 ’

105 3613 178 3656 eum
214 3592 367 3657 Datames
403 3591 496 3675 signa
528 3591 639 3656 inferri
670 3592 767 3657 iubet.
799 3590 925 3656 Pisidae
956 3612 1040 3655 nova
1070 3604 1132 3655 111

1006 3702 1027 3746 s
