2460 4026
149 176 192 241 40
232 262 234 267 .
275 223 278 230 .
421 193 495 239 1111.
520 192 757 238 ruansraunus.
786 173 816 237 2.

149 368 252 431 multa
276 365 329 430 hio
353 367 421 431 sine
440 365 606 431 Alcibiade
630 367 743 452 gessit,
768 367 822 431 ille
841 365 965 430 nullam
984 365 1144 449 remaine

148 477 226 546 hoo:
261 500 341 561 quae
371 478 425 542 ille
457 478 603 543 universa
629 478 769 543 naturali
792 479 931 562 quodam
954 478 1040 542 bono
1063 476 1143 542 feeit

44 589 46 593 ⁴
121 589 241 655 elueri.
278 590 333 654 sed
362 589 418 652 illa
448 593 556 653 tamen
588 591 696 654 omnia
727 591 909 655 eommunia
939 588 1142 674 imperatori-

20 786 22 790 *
148 701 208 764 bus
239 723 311 765 oum
339 700 494 766 militibus
524 704 557 766 et
586 702 734 786 fortuna,
759 705 844 786 quod
867 701 902 764 in
926 701 1039 785 proelii
1062 721 1140 765 oon·
1212 715 1215 720 “

149 833 243 876 eursu
275 811 342 875 abit
369 833 419 876 res
451 835 469 876 a
500 813 632 878 oonsilio
665 813 705 877 ad
735 814 817 878 vires
844 813 1057 896 virtutemque
1079 835 1139 896 pu-

151 922 331 1006 gnantium.
364 924 472 1009 itaque
488 925 571 990 -iure
602 947 658 990 suo
690 927 848 991 nonnulla
879 926 921 990 ab
949 925 1142 1009 imperatore

149 1032 265 1110 miles,
280 1035 419 1118 plurima
441 1058 515 1100 vero
537 1036 672 1112 fortuna,
693 1037 851 1121 vindieat,
876 1059 970 1121 seque
993 1036 1044 1100 his
1068 1037 1143 1121 plus.

100 1145 284 1238 ..syvaluisse
315 1170 387 1212 vere
417 1151 525 1232 potest
555 1149 755 1233 praedicare,
782 1149 864 1213 illud
886 1148 1139 1233 magnificentis-

47 1325 52 1334 ,
151 1259 267 1323 simum
301 1260 421 1325 factum
450 1262 616 1345 proprium
650 1266 697 1326 est
727 1260 929 1345 Thrasybuli.
960 1283 1036 1324 nam
1066 1282 1138 1323 oum

150 1371 286 1454 triginta
314 1349 462 1455 tyranni,
493 1372 665 1455 praepositi
696 1395 714 1435 a
740 1372 1016 1448 Lacedaemoniis,
1038 1371 1137 1436 servi·

150 1483 219 1546 tute
238 1477 403 1565 oppressas
424 1486 571 1547 tenerent
589 1483 753 1561 Athenas,
773 1483 927 1567 plurimos
946 1482 1047 1560 cives,
1066 1483 1137 1566 qui·

22 1652 25 1659 .
151 1593 209 1658 bus
229 1594 265 1657 in
286 1594 369 1658 bello
385 1598 529 1678 parserat
539 1595 685 1672 fortuna,
698 1595 814 1678 partim
826 1595 931 1678 patria
944 1593 1141 1677 expulissent

149 1706 267 1790 partim
285 1706 536 1784 interfecissent,
554 1707 766 1791 plurimorum
782 1706 868 1770 bona
879 1705 1040 1790 publicata
1053 1705 1138 1768 inter

149 1838 182 1881 se
210 1799 411 1895 ¹divisissent,
443 1839 510 1881 non
540 1819 642 1882 solum
667 1818 829 1901 princeps,
854 1817 907 1881 sed
931 1817 1028 1880 etiarn
1051 1815 1137 1879 aolus

148 1927 242 1992 initio
266 1928 385 1992 bellum
407 1929 445 1993 iis
468 1929 595 1994 indixit.

122 2040 141 2104 2
193 2038 256 2104 Hie
292 2039 383 2107 enim
425 2062 496 2105 oum
540 2041 664 2125 Phylen
707 2041 920 2125 confugisset,
963 2038 1049 2123 quod
1067 2045 1071 2052 '
1091 2040 1140 2102 est

150 2151 315 2216 castellum
345 2152 380 2215 in
411 2151 521 2217 Attica
551 2153 818 2229 munitissimum,
843 2174 909 2216 non
931 2153 1003 2236 plus
1025 2150 1140 2216 habuit
1203 2183 1205 2186 ⁴

42 2333 44 2337 ,
104 2336 105 2341 1
151 2284 257 2331 seeum
280 2286 376 2348 quam
399 2254 599 2350 triginta'de
623 2265 697 2329 suis.
717 2265 778 2328 hoo
797 2264 926 2328 initium
944 2264 1008 2327 fuit
1027 2263 1139 2328 salutis

121 2390 137 2438 2
148 2373 346 2453 Atticorum,
366 2375 427 2440 hoo
438 2377 536 2441 robur
548 2377 706 2441 libertatis
717 2377 908 2441 olam'asimae
919 2375 1069 2440 civitatis.
1082 2395 1138 2438 ne-

148 2508 210 2570 quo
241 2506 315 2551 vero
345 2487 399 2552 hio
430 2494 496 2551 non
527 2490 729 2571 contemptus
751 2491 799 2552 est
821 2486 924 2571 primo
950 2509 968 2549 a
990 2486 1139 2570 tyrannis

149 2600 244 2681 atque
292 2598 358 2662 eius
403 2598 559 2693 solitudo,
599 2621 679 2683 quae
725 2598 852 2683 quidem
893 2620 944 2662 res
986 2602 1018 2662 01
1061 2617 1146 2662 0011-·

35 2783 38 2790 ,
151 2710 368 2774 temnentibus
398 2711 550 2795 perniciei
581 2715 612 2774 01
643 2712 791 2796 despeoto
822 2713 919 2783 saluti
950 2711 1026 2777 luit:
1061 2711 1139 2776 haee

151 2823 236 2887 enim
258 2823 330 2886 illos
353 2844 465 2907 segnes
489 2826 529 2886 ad
553 2827 823 2908 persequendum,
846 2825 905 2888 hos
928 2825 1036 2888 autem
1056 2826 1139 2887 tem-

123 2953 227 3019 apore
261 2939 303 3000 ad
338 2939 588 3020 comparandum
623 2939 699 3000 dato
734 2937 811 3001 feeit
840 2936 1042 3000 robustiores.
1076 2956 1140 3019 quo

151 3048 254 3132 magis
282 3046 375 3112 ⁴illud
410 3048 554 3111 omnium
589 3048 624 3111 in
658 3048 773 3111 animis
807 3069 874 3111 esse
909 3047 1019 3111 debet:
1056 3045 1140 3110 nihil

151 3162 186 3225 in
217 3161 301 3227 bello
330 3165 475 3247 oportere
505 3162 684 3239 contemni,
716 3157 819 3245 neque
849 3159 917 3223 sine
949 3181 1045 3222 eausa
1076 3159 1138 3222 diei

122 3278 286 3341 4110110111
337 3276 443 3340 timidi
488 3275 564 3339 flere
610 3295 676 3338 non
722 3272 831 3336 solere.
880 3291 983 3355 neque
1030 3273 1139 3333 tamen

152 3408 209 3472 pro
252 3388 404 3472 opinione
446 3384 638 3468 Thrasybuli
677 3386 788 3448 auctae
823 3385 898 3445 sunt
932 3402 1024 3464 opes:
1064 3402 1141 3443 nam

151 3499 215 3563 iam
237 3498 302 3562 illis
325 3497 521 3582 temporibus
544 3496 658 3559 fortius
681 3495 759 3558 boni
781 3515 838 3578 pro
862 3492 1010 3557 libertate
1029 3492 1140 3575 loque-

152 3613 270 3677 bantur
301 3632 397 3694 quam
427 3608 628 3693 pugnabant.
659 3607 735 3671 hine
765 3607 800 3670 in
831 3604 978 3669 Piraeum
1011 3602 1141 3668 transiit
