2460 4026
403 181 462 224 vu.
485 181 682 226 inmenens.
708 165 738 226 3.
764 166 795 227 4.
1026 167 1067 231 31

14 340 17 349 ’
79 354 228 417 cerentur
251 355 378 437 praeter
401 377 519 434 unum,
545 357 600 439 qui
624 358 698 421 ante
720 357 850 422 ianuam
871 361 940 423 erat
960 359 1072 425 Ando-

78 465 168 531 cidis.
199 467 309 550 itaque
339 465 393 530 ille
422 472 532 551 postea
555 468 730 533 Mercurius
753 469 928 534 Andocidis
951 472 1073 536 vocita-

77 580 132 641 tus
161 581 217 642 est.
251 577 312 641 hoc
342 600 415 643 cum
446 583 615 664 appareret
645 600 712 644 non
744 581 813 645 sine
843 604 962 667 magna
990 585 1102 649 mul-e

76 693 186 753 torum
206 690 415 754 consensione
433 712 499 755 esse
517 691 656 775 factum,
669 714 750 776 quae
762 714 830 758 nen
842 694 883 757 ad
895 696 1073 781 privatam,

78 801 134 865 sed
156 804 198 865 ud
221 801 382 885 publicam
406 825 471 868 rem
495 804 686 887 pertineret,
711 827 848 890 magnus
872 807 1073 871 multitudini

77 913 175 977 timor
207 918 254 978 est
284 915 438 993 iniectus,
471 938 512 980 ne
534 937 598 999 qua
620 917 788 1000 repentina
813 919 862 982 vis
886 919 921 983 in
945 919 1074 984 civitate

77 1025 245 1103 existeret,
289 1048 370 1110 quae
411 1027 593 1093 libertatem
631 1030 823 1113 opprimeret
854 1032 975 1115 populi.
1011 1032 1072 1096 hoc

77 1138 214 1201 maxime
240 1139 411 1203 convenire
434 1139 470 1203 in
493 1137 692 1204 Alcibiadem
714 1141 902 1220 videbatur,
929 1143 1015 1226 quod
1040 1149 1102 1207 etr

76 1248 241 1332 potentior
260 1251 293 1313 et
312 1251 414 1315 maior
431 1273 528 1335 quam
546 1251 690 1335 privatus
714 1252 975 1317 existimabatur:
990 1254 1073 1318 mul-

77 1363 128 1423 tos
158 1359 245 1424 enim
275 1360 468 1426 liberalitate
496 1362 699 1441 devinxerat,
723 1363 830 1447 plures
856 1364 954 1428 etiam
978 1387 1073 1449 opera

77 1470 197 1536 forensi
231 1494 304 1536 suos
337 1474 530 1538 reddiderat.
567 1496 629 1558 qua
664 1496 698 1538 re
727 1475 825 1538 fiebat
859 1478 896 1539 ut
928 1477 1100 1542 omniums

77 1583 203 1661 oculos,
235 1585 496 1669 quotiescumque
526 1585 560 1649 in
583 1585 747 1669 publicum
775 1587 949 1669 prodisset,
975 1588 1015 1650 ad
1041 1610 1074 1652 se

77 1698 275 1760 converteret
306 1719 409 1780 neque
433 1698 461 1760 ei
483 1719 541 1781 par
565 1697 733 1781 quisquam
758 1697 793 1760 in
818 1698 947 1761 civitate
972 1720 1072 1782 pone-

76 1811 173 1872 retur.
202 1807 311 1891 itaqu'e
335 1829 403 1872 non
426 1809 527 1872 solum
552 1831 640 1896 spem
663 1809 699 1872 in
722 1830 759 1871 eo
783 1807 947 1873 habebant
971 1809 1072 1872 maxi·

76 1942 179 1999 mam,
209 1922 263 1984 sed
287 1920 384 1984 etiam
407 1920 571 1998 timorem,
596 1920 679 2004 quod
703 1921 736 1983 et
759 1919 867 1983 obesse
892 1920 1067 2004 plurimum

76 2035 108 2096 et
150 2032 297 2116 prodesse
337 2033 474 2115 poterat.
517 2032 745 2115 aspergebatur
789 2031 884 2095 etiam
920 2031 1102 2110 infamia,e

76 2144 161 2227 quod
192 2143 226 2207 in
260 2146 354 2207 domo
386 2165 442 2206 sua
473 2142 576 2207 facere
604 2143 754 2226 mysteria
782 2142 962 2206 dicebatur:
987 2143 1074 2226 quod

75 2251 168 2317 nefas
204 2256 272 2317 erat
305 2275 393 2317 more
427 2253 690 2331 Atheniensium,
721 2253 817 2336 idque
853 2273 919 2315 non
952 2253 992 2316 ad
1024 2275 1073 2316 re-

76 2363 249 2448 ligionem,
278 2365 333 2429 sed
359 2366 406 2429 'ad
437 2364 688 2429 coniurationem
717 2364 882 2449 pertinere
912 2364 1074 2428 existima-

77 2478 183 2541 batur.

121 2586 192 2652 Hoc
225 2589 356 2653 crimine
387 2588 422 2652 in
454 2588 603 2652 contione
628 2588 668 2653 ab
691 2587 829 2652 inimicis
854 2587 1103 2671 compellam-4

76 2703 137 2764 tur.
175 2703 230 2765 sed
265 2700 408 2764 instabat
441 2704 568 2784 tempus
603 2702 644 2762 ad
678 2698 798 2763 bellum
837 2697 1070 2783 proficiscendi.

74 2813 107 2876 id
138 2812 192 2876 ille
224 2813 353 2876 intuens
386 2835 488 2896 neque
518 2813 670 2896 ignorans
695 2811 811 2875 civium
839 2832 969 2876 suorum
995 2831 1072 2874 con-

75 2925 277 2990 suetudinem
300 2923 502 3008 postulabat,
528 2923 555 2987 si
579 2923 655 3007 quid
680 2924 718 2985 de
742 2944 774 2986 se
799 2921 853 3005 agi
877 2921 1016 3004 vellent,
1037 2924 1074 2983 ut

74 3035 181 3118 potins
205 3036 243 3099 de
267 3038 433 3119 praesente
456 3033 599 3118 quaestio
623 3034 812 3109 haberetur,
840 3055 935 3116 quam
959 3033 1071 3095 absens

73 3146 213 3211 invidiae
245 3146 376 3210 crimine
411 3149 619 3211 accusaretur.
645 3144 768 3208 inimici
793 3164 866 3208 vero
891 3142 956 3206 eius
981 3141 1098 3225 quie-2

74 3260 225 3324 scendum
251 3259 286 3321 in
310 3256 510 3340 praesentia,
534 3256 609 3341 quia
631 3255 739 3320 noceri
766 3254 794 3317 ei
818 3274 884 3316 non
909 3275 1001 3339 posse
1020 3252 1072 3316 in·

74 3372 282 3456 telligebant,
320 3373 351 3433 et
383 3369 462 3433 illud
493 3374 619 3452 tempus
649 3367 900 3451 exspectandum
928 3366 1074 3428 decreve-

73 3488 167 3563 runt,
194 3505 257 3568 quo
277 3482 409 3561 exisset,
430 3484 468 3546 ut
487 3481 651 3545 absentem
672 3479 942 3563 aggrederentur,
961 3478 1069 3559 itaque
1173 3481 1174 3486 ’

73 3595 227 3661 fecerunt.
260 3598 335 3659 nam
368 3597 539 3678 postquam
568 3591 603 3655 in
631 3590 771 3656 Siciliam
797 3611 871 3654 eum
896 3587 1101 3674 pervenisses
