2460 4026
428 216 488 259 v11.
513 216 708 260 comeranus.
734 195 765 260 5.
1027 199 1069 263 33
1147 259 1151 266 .

78 389 152 454 rimi
184 389 246 454 viri
276 392 492 474 praestantem
518 388 722 472 prudentiam
745 388 781 452 in
804 390 952 454 omnibus
975 391 1070 456 rebus

78 505 326 586 cognoscerent,
358 500 592 584 pertimuerunt
621 522 663 563 ne
689 500 822 564 caritate
845 502 967 584 patriae
991 505 1069 568 duc-

77 619 130 678 tus
171 613 343 696 aliquando
379 612 420 675 ab
453 611 531 695 ipsis
562 611 748 676 descisceret
777 614 810 676 et
839 635 912 677 cum
943 615 1007 678 suis
1035 616 1070 678 in

77 725 216 810 gratiam
262 724 389 788 rediret.
430 724 536 806 itaque
580 726 706 807 tempus
748 724 814 788 eius
858 724 1070 791 interficiendi

77 858 229 922 quaerere
275 836 472 899 institerunt.
514 835 547 899 id
589 835 770 900 Alcibiades
812 837 932 901 diutius
974 840 1097 903 colaria

78 969 146 1013 non
176 947 300 1032 potuit:
333 950 402 1024 erat
432 948 518 1011 enim
542 969 579 1010 ea
602 948 791 1031 sagacitate,
817 951 854 1012 ut
877 950 979 1033 decipi
1002 972 1069 1015 non

77 1062 202 1145 posset,
234 1059 420 1144 praesertim
451 1081 523 1122 cum
553 1059 695 1122 animum
725 1059 913 1124 attendisset
944 1065 984 1125 ad
1015 1085 1068 1127 ca-

78 1172 227 1236 vendum.
261 1171 368 1254 itaque
400 1170 440 1233 ad
472 1169 733 1253 Tissaphernem,
765 1171 961 1254 praefectum
985 1175 1069 1258 regis

77 1283 186 1360 Darii,
220 1304 252 1347 se
284 1282 430 1346 contulit.
461 1282 550 1345 cuius
573 1303 645 1344 cum
667 1281 702 1344 in
726 1282 873 1346 intimam
897 1285 1097 1349 amicitiama

78 1396 274 1480 pervenisset
308 1398 341 1459 et
374 1393 621 1458 Atheniensium
655 1393 737 1458 male
768 1395 866 1479 gestis
896 1396 931 1460 in
963 1394 1069 1461 Sicilia

77 1508 172 1572 rebus
202 1529 277 1592 opes
309 1527 487 1582 senescere,
520 1508 632 1569 contra
655 1503 977 1571 Lacedaemoniorum
1002 1531 1068 1574 cre-

77 1641 164 1685 scere
189 1618 328 1693 videret,
349 1616 442 1679 initio
462 1602 533 1679 cum
553 1615 709 1679 Pisandro
729 1621 892 1700 praetore,
911 1619 966 1702 qui
984 1621 1069 1704 apud

78 1730 209 1795 Samum
240 1729 414 1794 exercitum
445 1727 600 1810 habebat,
633 1748 690 1811 per
721 1727 938 1793 internuntios
970 1729 1069 1795 collo-

77 1843 189 1926 quitur
217 1843 250 1905 et
281 1841 320 1904 de
351 1840 457 1904 reditu
485 1860 541 1903 suo
564 1839 643 1902 facit
665 1839 869 1903 mentionem.
895 1843 1069 1906 eratenim

78 1954 189 2018 eodem
221 1972 284 2036 quo
314 1951 497 2016 Alcibiades
528 1972 640 2028 sensu,
671 1951 783 2034 populi
814 1954 977 2036 potentiae
1002 1976 1068 2018 non

77 2065 197 2130 amicus
227 2066 260 2128 et
289 2063 491 2148 optimatium
519 2062 635 2126 fautor.
661 2063 701 2124 ab
725 2062 786 2125 hoc
810 2065 979 2129 destitutus
1002 2068 1099 2151 pri-a

77 2199 168 2240 mum
207 2197 264 2260 per
298 2174 550 2258 Thrasybulum,
587 2171 666 2256 Lyci
699 2173 820 2250 filium,
855 2175 895 2237 ab
930 2178 1069 2241 exercitu
1121 2241 1124 2248 ,

76 2287 232 2370 recipitur
267 2290 456 2370 praetorque
493 2285 529 2348 fit
559 2285 643 2369 apud
673 2283 819 2362 Samum,
852 2289 925 2368 post
955 2288 1069 2352 suffra-

77 2402 176 2484 gante
200 2399 396 2463 Theramene
419 2398 530 2482 populi
553 2397 633 2461 scito
656 2397 833 2460 restituitur
855 2398 987 2482 parique
1011 2398 1068 2463 ab·

77 2533 151 2576 sens
178 2511 311 2595 imperio
334 2509 486 2574 exercitui
508 2508 692 2592 praeficitur
715 2506 810 2571 simul
834 2528 906 2571 cum
930 2509 1069 2593 Thrasy-

78 2623 155 2687 bulo
185 2624 218 2686 et
248 2621 456 2686 Theramene.
487 2620 600 2684 horum
635 2620 669 2683 in
702 2619 835 2703 imperio
866 2621 958 2683 tanta
982 2637 1096 2684 com-5

78 2735 214 2799 mutatio
236 2755 343 2798 rerum
365 2732 450 2797 facta
471 2735 535 2814 est,
561 2737 598 2797 ut
618 2730 876 2810 Lacedaemonii,
899 2733 953 2816 qui
972 2732 1068 2815 paulo

78 2848 153 2910 ante
188 2846 324 2910 victores
361 2844 548 2928 viguerant,
584 2843 745 2927 perterriti
775 2865 885 2928 pacem
912 2848 1066 2928 peterent.

78 2958 155 3022 victi
178 2958 263 3022 enim
286 2959 379 3020 erant
397 2956 539 3039 quinque
567 2955 695 3039 proeliis
722 2955 942 3037 terrestribus,
964 2956 1067 3018 tribus

79 3069 262 3147 navalibus,
293 3069 329 3132 in
352 3066 480 3152 quibus]
492 3067 643 3131 ducentas
666 3088 764 3131 naves
785 3065 930 3130 triremes
954 3065 1068 3128 amise-

77 3185 168 3260 rant,
202 3202 284 3264 quae
315 3184 427 3264 captae
457 3179 492 3243 in
523 3178 663 3242 hostium
687 3157 844 3272 venerant
866 3179 1068 3261 potestatem.

78 3291 260 3357 Alcibiades
283 3291 377 3357 simul
402 3314 474 3356 cum
498 3290 628 3374 collegis
646 3292 808 3374 receperat
824 3288 970 3367 Ioniam,
988 3287 1098 3353 Hel-o

77 3403 279 3489 lespontum,
311 3404 428 3469 multas
452 3405 614 3488 praeterea
637 3402 742 3488 urbes]
754 3400 907 3478 Graecas,
931 3423 1011 3485 quae
1033 3401 1069 3464 in

79 3536 134 3579 ora
164 3516 243 3597 sitae
275 3519 351 3595 sunt
379 3514 549 3593 Thraciae,
576 3537 710 3599 quarum
733 3516 958 3596 expugnarant
981 3533 1068 3576 com-

79 3627 203 3710 plures,
232 3629 267 3692 in
291 3627 340 3692 his
363 3626 572 3712 Byzantium,
597 3647 699 3710 neque
722 3613 828 3689 minus
850 3624 970 3689 multas
991 3645 1071 3686 con-

985 3731 1007 3776 a

1182 3762 1214 3893 'l
