2460 4026
467 224 498 268 v.
523 224 636 270 elnon.
666 204 697 270 2.
722 206 752 269 3.
859 163 862 170 Ι
1037 203 1079 267 25

84 399 192 462 decem
225 395 326 460 millia
357 394 604 462 Atheniensium
630 398 666 461 in
690 399 848 462 coloniam
873 397 969 462 misit.
993 395 1078 460 idem

83 510 200 574 iterum
230 511 315 592 apud
346 506 495 591 Mycalen
528 507 718 593 Cypriorum
741 513 774 574 et
797 509 996 574 Phoenicum
1020 508 1078 571 du·

84 625 250 687 cantarum
282 619 413 684 nauum
433 603 576 685 'classem
608 622 765 686 devictam
800 621 885 707 cepit
907 621 1108 705 eodemquee
1200 624 1203 629 ’

83 727 134 792 die
166 728 237 812 pari
266 726 396 795 fortuna
426 731 462 795 in
486 735 571 796 terra
594 755 669 797 usus
693 735 751 798 est.
776 755 913 817 namque
935 730 1076 796 hostium

82 839 220 904 navibus
255 841 357 924 captis
389 842 498 906 statim
531 865 570 907 ex
600 845 699 908 classe
729 843 837 928 copias
868 866 939 908 suas
971 842 1079 907 eduxit

77 950 354 1037 barbarorumque
383 954 555 1018 maximam
579 955 644 1019 vim
669 976 734 1019 uno
758 976 912 1020 concursu
935 957 1076 1039 prostra-

83 1062 138 1127 vit.
171 1085 234 1146 qua
265 1064 399 1128 victoria
422 1085 541 1149 magna
564 1066 681 1150 praeda
705 1067 826 1150 potitus
850 1087 922 1130 cum
946 1064 1108 1127 domums

10 1177 13 1184 '
81 1176 311 1253 reverteretur,
351 1176 436 1260 quod
479 1177 543 1241 iam
579 1177 755 1242 nonnullae
789 1177 911 1242 insulae
946 1178 1076 1259 propter

84 1284 290 1350 acerbitatem
321 1287 447 1370 imperii
478 1288 675 1367 defecerant,
707 1289 789 1352 bene
817 1288 974 1352 animatas
999 1306 1075 1350 oon-

84 1396 244 1473 firmavit,
282 1396 437 1464 alienatas
472 1404 512 1464 ad
549 1400 687 1465 officium
723 1401 824 1465 redire
856 1401 969 1485 coegit.
1000 1398 1106 1482 Scy-o

83 1531 176 1587 rum,
210 1532 306 1594 quam
341 1533 378 1575 eo
413 1515 557 1597 tempore
590 1512 729 1598 Dolopes
758 1512 960 1586 incolebant,
993 1513 1079 1596 quod

84 1621 305 1686 contumacius
325 1644 357 1686 se
377 1626 558 1707 gesserant,
576 1623 765 1702 vacuefecit,
787 1644 980 1709 possessores
991 1626 1078 1687 vete-

85 1755 135 1798 res
154 1733 234 1799 urbe
252 1734 419 1818 insulaque
439 1735 547 1813 eiecit,
569 1756 663 1820 agros
679 1735 802 1799 civibus
816 1734 932 1798 divisit.
946 1733 1080 1797 Thasios

84 1844 250 1929 opulentia
284 1845 382 1910 fretos
413 1867 469 1910 suo
501 1849 642 1912 adventu
675 1847 780 1932 fregit.
814 1847 864 1912 his
897 1867 936 1910 ex
965 1867 1079 1908 manu-

85 1956 146 2020 biis
177 1978 235 2020 arx
265 1956 484 2040 Athenarum,
515 1980 579 2042 qua
610 1959 650 2022 ad
683 1959 846 2024 meridiem
878 1957 1000 2041 vergit,
1033 1958 1082 2020 est

86 2071 210 2133 ornata.

91 2252 94 2257 ,
130 2177 253 2254 Quibus
284 2179 378 2243 rebus
411 2201 482 2244 oum
514 2203 597 2245 unus
627 2182 663 2245 in
694 2182 821 2246 civitate
853 2181 990 2245 maxime
1018 2179 1108 2242 llo-3

85 2293 188 2367 reret,
208 2289 320 2354 incidit
338 2291 371 2354 in
394 2295 527 2356 eandem
546 2293 702 2357 invidiam
722 2293 757 2356 in
778 2315 874 2377 quam
893 2296 986 2377 pater
1006 2312 1080 2356 suus

86 2400 246 2485 ceterique
287 2401 536 2468 Atheniensium
580 2404 759 2489 principes:
806 2427 881 2468 nam
924 2408 1079 2469 testarum

86 2516 247 2601 suffragiis
273 2518 372 2600 [quod
397 2516 446 2580 illi
473 2517 676 2596 ὀστρακισμόν
698 2518 828 2600 vocant]
848 2516 955 2580 decem
975 2537 1079 2580 anuo-

85 2649 158 2691 rum
189 2627 283 2692 exilio
314 2628 469 2692 multatus
501 2631 559 2707 est,
591 2630 680 2693 cuius
711 2629 791 2692 facti
822 2627 955 2693 celerius
978 2626 1110 2690 Athe-a

86 2739 213 2804 nienses
244 2761 341 2824 quam
371 2740 477 2823 ipsum
504 2740 675 2824 poenituit.
702 2762 776 2804 nam
802 2762 873 2804 cum
896 2739 951 2803 ille
974 2737 1081 2802 auimo

86 2849 165 2915 forti
196 2850 335 2915 invidiae
366 2851 568 2935 ingratorum
594 2852 711 2916 civium
734 2852 879 2916 cessisset
900 2851 1082 2932 bellumque

85 2962 330 3027 Lacedaemonii
372 2961 622 3027 Atheniensibus
665 2963 872 3040 indixissent,
909 2960 1078 3027 confestim

88 3077 184 3138 notae
206 3075 274 3138 eius
298 3073 428 3139 virtutis
452 3073 643 3138 desiderium
667 3078 870 3164 consecutum
894 3077 952 3136 est.
972 3072 1107 3153 itaquae
1167 3056 1171 3063 ’

86 3190 161 3270 post
180 3208 300 3250 annum
320 3185 486 3269 quintum,
509 3207 605 3268 quam
626 3186 778 3270 expulsus
799 3180 1080 3267 erat,inpatriam

85 3301 252 3362 revocatus
282 3299 339 3361 est.
368 3295 442 3374 ille,
475 3297 560 3381 quod
591 3297 732 3382 hospitio
759 3292 1081 3360 Lacedaemoniorum

86 3410 253 3487 utebatur,
289 3407 389 3496 satius
414 3408 599 3472 existimans
627 3407 772 3474 Graeciae
795 3411 930 3473 civitates
953 3409 989 3470 de
1011 3428 1081 3469 oon-

86 3523 244 3586 trouarsa'a'o
280 3523 343 3584 suia
379 3522 460 3584 iuter
496 3542 526 3584 se
561 3523 627 3585 iure
659 3523 828 3606 disceptare
859 3542 953 3604 quom
984 3517 1081 3581 armis

85 3635 297 3710 contendere,
328 3630 599 3696 Lacedaemonem
631 3654 688 3695 sua
712 3633 825 3716 sponte
849 3632 898 3693 est
920 3628 1080 3713 profectus
