2460 4026
152 181 216 246 130
262 183 266 192 '
471 202 545 247 xxv.
571 201 710 248 ermom.
735 182 767 247 8.
792 182 824 247 9.

146 373 338 458 praestanda
380 372 449 439 sine
492 372 633 438 faotione
674 373 869 438 existimaret
904 397 1089 463 semperque
1124 404 1147 446 a

102 579 104 584 ³
145 485 263 551 talibus
299 507 332 550 se
366 484 507 550 consiliis
543 485 746 563 removisset,
782 487 964 568 respondit:
1003 490 1029 554 si
1066 493 1144 576 quid

144 597 264 663 Brutus
299 598 338 662 de
372 597 437 661 suis
470 596 678 662 facultatibus
709 597 757 662 uti
788 597 955 677 voluisset,
989 623 1140 683 usurum,

143 714 300 795 quantum
335 731 389 774 eae
424 711 632 794 paterentur,
670 709 724 773 sed
756 731 858 793 neque
882 731 954 776 oum
979 734 1139 798 quoquam

145 822 184 886 de
214 842 308 886 aare
332 819 564 885 oolloeuturum
589 841 694 905 neque
718 819 887 885 ooiturum.
914 823 959 888 sio
983 824 1038 890 ille
1062 848 1137 892 oon-

140 932 298 998 sensionis
322 932 437 1017 globus
458 931 554 996 huius
572 932 668 996 unius
691 932 887 997 dissensione
907 935 1059 1003 disieotus
1079 943 1140 1004 est.

112 1061 243 1129 tneque
287 1045 389 1109 multo
424 1048 498 1128 post
533 1021 676 1128 superior
711 1065 777 1107 esse
816 1045 921 1129 ooepit
955 1045 1134 1143 Antonius,

138 1155 185 1218 ita
221 1159 258 1220 ut
288 1156 407 1220 Brutus
432 1158 466 1220 et
488 1153 615 1221 Cassius
639 1155 756 1219 omissa
780 1178 856 1220 eura
878 1158 1134 1243 provinciarum,

138 1290 219 1353 quae
241 1267 280 1332 iis
304 1268 383 1332 diois
407 1290 501 1333 eausa
524 1268 617 1332 datae
641 1270 734 1331 erant
753 1289 772 1330 a
793 1269 940 1347 consule,
962 1271 1137 1356 desperatis

108 1381 230 1446 erebus
257 1381 293 1444 in
317 1380 447 1444 exilium
470 1379 757 1463 proficiscerentur.
784 1376 931 1465 Atticus,
956 1382 1013 1466 qui
1036 1405 1131 1468 peou-

135 1493 223 1556 niam
259 1492 353 1556 simul
397 1513 468 1556 oum
505 1491 616 1556 ueteris
654 1489 798 1555 conterre
834 1492 983 1556 noluerat
1005 1494 1132 1559 florenti

134 1603 181 1668 illi
214 1603 316 1687 parti,
343 1603 466 1668 abieoto
489 1601 591 1667 Bruto
617 1601 775 1686 Italiaque
799 1602 925 1667 cedenti
949 1607 1130 1672 sestertium

133 1717 262 1780 eentum
297 1715 399 1779 millia
435 1714 560 1779 muneri
582 1713 683 1778 misit.
710 1712 870 1778 eidemin
894 1713 993 1799 Epiro
1017 1717 1133 1782 absens

133 1829 278 1891 trecenta
309 1826 402 1891 iussit
435 1825 519 1903 dari,
551 1847 655 1909 neque
681 1846 718 1889 eo
744 1825 846 1910 magis
869 1828 996 1910 potenti
1020 1829 1131 1898 adula-

131 1941 183 2002 tus
207 1941 255 2001 est
278 1935 423 2001 Antonio
451 1958 555 2021 neque
579 1938 762 2020 desperatos
789 1937 930 2021 reliquit.

107 2050 128 2114 9
174 2047 322 2114 Secutum
361 2051 409 2111 est
444 2046 564 2111 bellum
600 2048 727 2130 gestum
763 2047 849 2130 apud
884 2048 1057 2114 Mutinam.
1092 2052 1130 2116 in

129 2183 192 2246 quo
215 2161 242 2224 si
266 2163 393 2225 tantum
418 2183 489 2224 eum
514 2160 706 2244 prudentem.
735 2157 858 2235 diuam,
883 2160 1007 2239 minus,
1032 2183 1128 2246 quam

128 2273 278 2349 debeam,
314 2272 511 2356 praedicem,
550 2293 622 2335 oum
647 2270 702 2333 ille
724 2269 833 2353 potius
858 2271 986 2336 divinus
1009 2272 1126 2352 fuerit,

126 2386 153 2450 si
176 2384 331 2448 divinatio
352 2382 542 2467 appellanda
564 2385 613 2447 est
634 2383 787 2466 perpetua
808 2383 963 2448 naturalis
978 2385 1122 2463 bonitas,

98 2515 206 2582 aquae
241 2496 338 2560 nullis
372 2494 496 2558 casibus
527 2494 667 2576 agitatur
699 2515 804 2576 neque
828 2494 997 2562 minuitur.
1020 2495 1122 2560 hostis

124 2607 287 2673 Antonius
323 2607 479 2671 iudicatus
515 2605 610 2670 Italia
645 2608 800 2670 cesserat:
833 2627 905 2690 spes
930 2606 1121 2670 restituendi

124 2720 214 2784 nulla
250 2720 328 2783 erat.
364 2739 432 2782 non
467 2718 570 2782 solum
598 2716 739 2794 inimici,
773 2717 922 2802 quitum
946 2719 1121 2800 arautpo·

123 2831 295 2899 tentissimi
328 2833 360 2894 et
389 2830 537 2915 plurimi,
562 2832 616 2894 sed
640 2829 737 2894 etiam
761 2828 817 2913 qui
841 2826 1028 2892 adversariis
1052 2827 1119 2892 eius

123 2967 156 3010 se
191 2943 313 3007 dabant
350 2945 383 3008 et
415 2945 450 3009 in
481 2965 517 3008 eo
549 2943 703 3006 laedendo
728 2940 869 3024 aliquam
893 2942 1118 3004 consecuturos

122 3059 294 3144 sperabant
318 3057 594 3132 commoditatem,
619 3052 757 3118 Antonii
777 3051 950 3115 familiares
969 3049 1118 3134 inseque-

121 3172 257 3250 bantur,
306 3191 437 3236 uxorem
479 3167 628 3232 Fulviam
663 3164 814 3229 omnibus
850 3163 944 3227 rebus
980 3160 1119 3246 spoliare

93 3285 308 3368 eoupiebant,
326 3284 449 3348 liberos
485 3279 581 3344 etiam
605 3277 809 3361 exstinguere
832 3273 1001 3359 parabant.
1025 3269 1115 3336 Atti-

120 3416 192 3472 ous,
217 3417 288 3459 eum
308 3393 470 3461 Ciceronis
490 3391 607 3455 intima
626 3387 846 3453 familiaritate
858 3385 1019 3460 uteretur,
1032 3383 1114 3447 ami·

119 3507 262 3572 sissimus
285 3509 366 3571 esset
389 3503 508 3580 Bruto,
534 3522 601 3565 non
625 3500 720 3564 modo
744 3497 827 3562 nihil
849 3496 888 3560 iis
913 3493 1050 3559 indulsit
1073 3494 1114 3559 ad

120 3618 296 3684 Antonium
320 3616 523 3692 violandum,
549 3615 604 3677 sed
629 3633 646 3675 e
669 3609 833 3675 contrario
852 3605 1025 3671 familiares
1045 3604 1113 3670 eius
