2460 4026
406 216 662 261 ramosarum.
690 197 719 259 2.
746 196 776 259 3.
1018 193 1059 256 21

66 389 117 454 his
148 389 187 453 de
210 389 305 452 rebus
328 389 356 452 si
379 388 456 473 quid
479 389 548 471 geri
571 389 728 473 volueris,
754 390 874 452 certum
897 386 1062 451 hominem

66 501 107 564 ad
138 522 211 564 eum
242 499 354 563 mittas
383 498 471 576 face,
503 521 574 564 cum
598 520 661 584 quo
683 499 905 583 colloquatur.’
930 520 987 562 rex
1010 501 1089 563 1015
1145 491 1148 498 ’
1200 546 1202 551 .

64 612 234 677 hominum
259 611 360 675 salute
384 613 451 674 tem
473 610 535 675 sibi
558 611 807 676 necessariorum
827 631 945 696 magno
966 632 1061 694 opere

66 723 195 809 gavisus
223 721 390 787 confestim
424 744 496 786 cum
527 723 662 807 epistola
692 722 889 786 Artabazum
913 722 952 786 ad
976 722 1060 801 Pau-

65 835 191 901 saniam
213 834 332 912 mittit,
355 833 391 897 in
414 855 477 917 qua
501 855 573 897 eum
598 834 758 898 collaudat
781 838 813 898 et
832 833 930 918 petit,
952 855 993 897 ne
1012 833 1062 897 oui

64 947 110 1011 rei
154 948 266 1031 parcat
300 949 341 1009 ad
376 967 413 1010 ea
449 945 642 1030 efficienda,
666 968 746 1029 quae
780 946 999 1030 polliceretur:
1035 945 1062 1010 si

63 1058 247 1143 perfecerit,
278 1057 398 1122 nullius
430 1057 476 1122 rei
506 1080 581 1122 ase
604 1057 762 1143 repulsam
785 1059 936 1122 laturum.
960 1058 1080 1123 huiuse

63 1170 242 1236 Pausanias
273 1168 441 1233 voluntate
474 1169 606 1254 cognita
631 1169 765 1234 alacrior
790 1173 920 1233 adrem
946 1190 1058 1254 geren-

63 1283 138 1346 dam
163 1281 267 1346 factus
293 1281 329 1344 iu
356 1280 568 1365 suspicionem
593 1281 708 1345 incidit
726 1280 1059 1345 Lacedaemoniorum.

63 1414 128 1477 quo
153 1393 239 1457 facto
264 1393 392 1457 domum
416 1397 597 1470 revocatus,
626 1395 791 1457 accusatus
816 1393 929 1477 capitis
953 1391 1059 1456 absol·

62 1505 165 1589 uitur,
193 1505 348 1570 multatur
372 1507 480 1569 tamen
503 1505 656 1589 pecunia:
682 1527 779 1589 quam
802 1506 844 1569 ob
868 1527 994 1571 causam
1019 1508 1059 1568 ad

64 1616 198 1680 classem
220 1616 369 1680 remissus
393 1637 460 1679 non
483 1617 540 1679 est.

108 1725 154 1794 At
184 1726 238 1790 ille
269 1731 343 1810 post
375 1747 442 1790 non
473 1728 575 1791 multo
603 1749 660 1792 sua
683 1730 796 1811 sponte
820 1727 860 1791 ad
884 1727 1086 1791 exercitum3

61 1839 158 1905 rediit
181 1843 214 1903 et
233 1839 278 1903 ibi
298 1860 366 1902 nou
386 1838 519 1915 callida,
538 1839 592 1903 sed
612 1839 753 1903 dementi
772 1839 896 1903 ratione
916 1839 1058 1924 cogitata
1149 1836 1151 1848 ⁴

62 1951 230 2037 patefecit:
262 1963 330 2015 uon
354 1950 439 2014 enim
464 1973 568 2016 mores
591 1952 713 2036 patrios
737 1952 857 2031 solum,
882 1953 936 2018 sed
960 1951 1056 2016 etiam

62 2063 184 2127 cultum
217 2063 437 2146 vestitumque
462 2063 610 2127 mutavit.
642 2067 799 2148 apparatu
830 2065 920 2148 regio
943 2065 1084 2128 uteba-2

61 2177 132 2252 tur,
156 2178 245 2238 veste
269 2174 410 2258 Medica3
435 2174 588 2239 satellites
612 2173 698 2238 Medi
723 2178 755 2239 et
777 2175 924 2259 AEgyplu'i
945 2195 1056 2258 seque·
1080 2199 1085 2206 ·

59 2283 198 2348 bantur:
224 2285 413 2368 epulabatur
435 2307 523 2350 more
547 2285 714 2350 Persarum
734 2285 941 2363 luxuriosius,
960 2303 1056 2371 quem

60 2395 116 2479 qui
149 2396 282 2459 aderant
312 2395 437 2480 perpeti
464 2400 611 2481 possent:
637 2396 759 2461 aditum
782 2396 966 2481 petentibus
988 2410 1083 2460 none

60 2505 176 2583 dabat,
220 2507 353 2591 superbe
395 2507 626 2591 respondebat,
662 2508 832 2573 crudeliter
866 2507 1053 2592 imperabat.

60 2615 209 2701 Spartam
239 2618 340 2682 redire
371 2619 517 2683 nolebat:
550 2616 704 2697 Celonas,
729 2616 792 2703 qui*
806 2619 895 2683 locus
917 2620 953 2683 in
976 2640 1054 2703 agro

60 2726 185 2792 Troade
218 2730 281 2804 est,
314 2752 347 2794 se
377 2731 573 2796 contulerat:
604 2731 651 2795 ibi
680 2731 812 2795 consilia
837 2753 909 2796 cum
932 2734 1054 2816 patriae

59 2840 129 2902 tum
154 2839 216 2903 sibi
235 2841 370 2905 inimica
392 2821 547 2926 capiebat.
569 2843 602 2906 id
621 2847 790 2928 postquam
810 2842 1080 2911 Lacedaemoniis

59 2951 252 3031 rescierunt,
276 2954 400 3037 legatos
423 2976 495 3018 oum
520 2956 643 3039 scytale
667 2955 717 3043 ad]-
730 2978 802 3020 eum
823 2956 997 3033 miserunt,
1017 2955 1052 3018 in

29 3051 31 3055 ⁵
58 3084 122 3146 qua
153 3086 241 3128 more
264 3063 393 3129 illorum
416 3070 484 3130 erat
509 3067 680 3150 scriptum:
705 3068 768 3132 nisi
793 3067 922 3131 domum
946 3088 1050 3131 rever-

57 3178 195 3253 teretur,
221 3198 254 3240 se
277 3177 391 3261 capitis
414 3200 486 3242 eum
511 3178 727 3244 damnaturos.
748 3180 809 3245 hoc
827 3178 942 3243 nuntio
963 3181 1082 3239 oom·“

56 3290 182 3363 motus,
215 3310 346 3372 sperans
382 3311 414 3353 se
446 3290 544 3353 etiam
575 3293 645 3354 tum
676 3291 812 3376 pecunia
842 3292 875 3353 et
905 3288 1076 3374 potentias
1205 3305 1209 3315 ¹

57 3399 183 3464 instans
207 3399 384 3483 periculum
406 3422 498 3485 posse
517 3402 690 3484 depellere,
712 3403 840 3466 domum
860 3402 966 3467 rediit.
986 3401 1049 3465 hue
1160 3469 1161 3473 ,

57 3511 95 3571 ut
113 3510 220 3600 venit,
242 3511 283 3593 ab
304 3511 430 3594 ephoris
449 3513 485 3576 in
506 3513 634 3578 vincula
654 3513 782 3597 publica
802 3516 850 3578 est
868 3514 1046 3579 coniectus:

56 3618 133 3684 licet
167 3621 252 3685 euim
282 3622 406 3707 legibus
437 3646 546 3688 eorum
577 3626 676 3690 cuivis
708 3625 827 3709 ephoro
854 3626 916 3691 hoc
944 3625 1047 3689 facere
