2460 4026
456 188 537 233 1111.
562 190 740 234 flumincas.
774 171 802 233 1.
1035 173 1099 237 109

101 363 170 446 ipse
194 365 301 426 autem
324 360 541 439 Ptolemaeus,
570 384 641 426 cum
664 363 754 428 vivus
779 363 845 428 filio
868 385 1005 448 regnum
1029 370 1097 431 tra·

101 474 253 558 didisset,
278 472 397 536 abillo
423 474 532 537 eodem
556 474 623 538 vita
645 475 788 558 privatus
813 475 937 539 dicitur.

148 585 197 649 De
233 585 349 669 quibus
385 584 537 668 quoniam
572 584 649 648 satis
680 586 801 649 dictum
831 590 999 670 putamus,
1030 603 1137 685 110115ἱ

99 697 340 760 incommodum
372 696 496 760 videtur
527 717 594 760 nou
625 698 796 780 praeterire
826 696 1043 763 Hamilcarem
1067 701 1100 763 et

101 807 339 890 Hannibalem,
371 829 451 892 qnos
482 811 515 871 et
546 808 646 872 animi
677 787 897 893 magnitudine
921 812 954 872 et
975 811 1099 876 callidi-

84 922 169 982 'tatc
193 940 302 983 omnes
325 919 360 983 in
383 918 494 985 Atrica
517 922 611 985 natos
634 919 829 1003 praestitisse
852 925 944 985 const
965 923 988 987 t.

538 1184 725 1193 ——-·—--·

414 1378 534 1451 XXII.
559 1378 824 1452 HAMILOAR.

147 1588 330 1666 Hamilcar,
372 1585 566 1650 Hannibalis
609 1586 711 1664 filius,
754 1591 945 1673 cognomine
979 1593 1126 1672 Barca,l

100 1699 395 1785 Carthaginiensis,
429 1699 532 1783 primo
566 1699 688 1763 Punico
724 1699 824 1778 bello,
858 1703 913 1765 sed
946 1706 1098 1789 tempori·

102 1815 163 1878 bus
206 1811 372 1888 extremis,
418 1811 589 1874 admodum
632 1812 886 1877 adolescentulus
920 1814 956 1877 in
991 1813 1099 1880 Sicilia

100 1946 245 2009 praeesse
280 1922 384 2006 coepit
417 1922 576 1987 exercitui.
614 1945 686 1987 cum
722 1927 797 1988 ante
828 1925 894 1989 eius
923 1929 1125 1993 adventuma

101 2040 135 2100 et
164 2035 245 2099 mari
276 2036 309 2098 et
338 2037 424 2097 terra
455 2033 538 2098 male
567 2055 617 2098 res
640 2038 828 2118 gererentur
851 2034 1099 2122 Carthaginien-

101 2147 200 2228 sium,
233 2146 315 2229 ipse,
344 2145 400 2209 ubi
422 2144 544 2222 adfuit,
568 2167 745 2229 numquam
769 2147 855 2209 hosti
879 2149 973 2212 cessit
995 2170 1099 2233 neque

99 2259 206 2327 locum
237 2257 373 2321 nocendi
402 2255 505 2332 dedit,
529 2277 684 2339 saepeque
708 2278 725 2320 e
748 2258 909 2321 contrario
932 2254 1098 2324 occasione

102 2370 178 2432 data
223 2367 382 2432 lacessivit
428 2388 613 2451 semperque
655 2368 796 2452 superior
839 2369 991 2435 discessit.
1035 2393 1098 2454 quo

100 2477 205 2562 facto,
235 2501 308 2543 cum
332 2501 432 2564 paene
455 2478 564 2542 omnia
586 2479 621 2542 in
646 2478 753 2544 Sicilia
776 2480 877 2545 Poeni
900 2482 1097 2559 amisissent,

100 2591 156 2655 ille
185 2591 321 2675 Erycem
350 2591 395 2655 sic
427 2589 587 2668 defendit,
616 2595 654 2654 ut
676 2591 796 2655 bellum
819 2613 856 2655 eo
879 2592 949 2658 loco
973 2596 1099 2677 gestum

56 2761 58 2766 .
101 2725 169 2767 non
203 2702 372 2797 videretur.
409 2702 538 2765 interim
574 2701 854 2786 Carthaginienses
885 2704 984 2768 classe
1016 2706 1127 2788 apnda

99 2815 222 2880 insulas
254 2814 395 2898 Aegates
422 2835 441 2876 a
466 2810 501 2878 O.
526 2812 674 2891 Lutati0,
700 2815 831 2879 consule
853 2815 1018 2894 Romano,
1044 2839 1097 2880 su-

93 2926 220 3011 -perati',
266 2927 448 2990 statuerunt
482 2923 559 2988 belli
593 2923 697 2989 faeere
732 2926 830 2989 finem
864 2949 998 3012 eamque
1032 2949 1099 2991 rem

98 3038 232 3102 arbitrio
267 3037 481 3121 permiserunt
511 3034 713 3101 Hamilcaris.
745 3036 814 3120 ille,
848 3039 908 3102 etsi
940 3038 1100 3122 flagrabat

97 3148 240 3213 bellandi
271 3148 462 3232 cupiditate,
496 3149 605 3211 tamen
634 3147 707 3230 paci
729 3148 929 3212 serviendum
953 3149 1098 3233 putavit,

99 3263 186 3344 quod
202 3332 205 3337 ι
219 3259 358 3343 patriam
394 3259 583 3325 exhaustam
620 3259 776 3323 sumtibus
812 3259 930 3324 diutius
965 3260 1097 3324 calami·

99 3377 182 3439 tates
211 3371 288 3436 belli
319 3372 401 3436 ferre
433 3393 501 3435 non
533 3393 625 3455 posse
648 3371 869 3456 intelligebat,
897 3373 1038 3451 sedita,
1062 3375 1126 3437 uta

100 3486 209 3549 statim
242 3486 349 3548 mente
382 3484 536 3568 agitaret,
568 3484 595 3547 si
627 3484 758 3567 paulum
789 3486 883 3547 modo
915 3505 964 3549 res
992 3488 1099 3550 essent

99 3594 253 3672 refectae,
285 3594 407 3659 bellum
432 3599 590 3660 ‘renovare
621 3594 847 3678 Romanosque
871 3595 967 3660 armis
991 3615 1097 3679 perse-
