2460 4026
442 222 509 266 rur.
535 219 685 264 escoron.
712 201 742 262 2.
769 200 799 266 3.
1033 200 1094 264 101

104 394 214 471 derat,
250 397 334 479 quod
369 394 491 477 patriae
527 396 609 458 male
644 394 863 470 consuluerat,
897 393 951 456 sed
983 393 1096 466 etiarn,

103 507 189 590 quod
212 506 370 570 amicitiae
391 506 487 570 fidem
507 527 575 570 non
593 505 797 589 praestiterat
827 526 965 588 namque
985 510 1096 569 auctus
1116 521 1131 567 3

103 620 293 702 adiutusque
313 641 332 681 a
352 617 568 682 Demosthene
589 639 679 693 eum,
702 638 795 700 quem
815 615 965 693 tenebat,
986 638 1095 680 ascen-

105 733 196 795 derat
226 730 379 814 gradum,
411 751 484 793 cum
515 731 665 794 adversus
694 727 861 792 Charetem
886 750 960 792 eum
984 728 1095 793 subor-

105 847 213 906 naret:
238 841 279 906 ab
303 842 414 905 eodem
438 842 473 904 in
496 841 637 923 iudiciis,
664 863 735 905 cum
760 841 872 925 capitis
896 863 1022 904 causam
1047 841 1096 904 di-

105 956 206 1030 ceret,
231 951 377 1026 defensus
402 953 588 1037 aliquoties,
611 952 766 1017 liberatus
789 954 983 1018 discesserat.
1009 952 1116 1030 hunc¹

104 1086 173 1128 non
195 1066 299 1128 solum
322 1066 357 1128 in
380 1065 528 1148 periculis
553 1087 620 1128 non
645 1065 804 1142 defendit,
829 1065 883 1128 sed
904 1065 1000 1128 etiam
1019 1084 1094 1148 pro-

104 1175 196 1240 didit.
231 1177 372 1240 concidit
402 1181 507 1241 autem
539 1176 677 1241 maxime
709 1199 774 1241 uno
807 1177 957 1254 crimine,
990 1177 1126 1261 quod,4

104 1309 178 1350 cum
209 1290 295 1370 apud
319 1308 391 1350 eum
423 1309 582 1351 summum
606 1290 695 1353 esset
717 1288 886 1372 imperium
910 1287 1039 1377 populi,
1065 1291 1097 1350 et

104 1396 314 1476 Nicanorem,
351 1397 521 1463 Cassandri
556 1399 767 1483 praefectum,
805 1399 949 1463 insidiari
982 1398 1094 1463 Piraeo

103 1508 349 1574 Atheniensium
380 1511 488 1594 portui
519 1534 538 1574 a
568 1510 704 1594 Dercylo
736 1515 919 1600 moneretur
949 1511 1095 1593 idemque

102 1620 281 1705 postularet
307 1625 343 1684 ut
364 1622 563 1705 provideret,
589 1643 630 1685 ne
654 1622 881 1686 commeatibus
907 1621 1016 1686 civitas
1028 1622 1095 1705 pri-

102 1737 249 1809 veretur,
281 1732 354 1796 huic
387 1733 536 1797 audiente
563 1735 681 1818 populo
706 1733 850 1798 Phocion
874 1734 1007 1819 negavit
1029 1755 1096 1797 esse

102 1842 282 1928 periculum
292 1848 401 1934 {seque
431 1844 497 1908 eius
526 1844 572 1908 rei
595 1845 737 1908 obsidem
761 1844 829 1909 fore
845 1845 1012 1937 pollicitus
1037 1847 1093 1910 est.

99 1976 206 2042 neque
224 1956 271 2019 ita
289 1955 390 2019 multo
412 1960 486 2040 post
505 1946 649 2020 Nicanor
667 1956 780 2021 Piraeo
802 1961 850 2020 est
870 1958 1009 2042 potitus,
1028 1958 1096 2021 sine

104 2091 167 2153 quo
202 2060 351 2133 Athenae
384 2069 515 2131 omnino
540 2089 607 2132 esse
642 2090 708 2131 non
743 2071 887 2152 possunt.
904 2068 964 2191 lad
1000 2084 1126 2151 quems

102 2183 354 2263 recuperandum
398 2201 469 2243 cum
512 2178 649 2263 populus
689 2183 828 2243 armatus
865 2179 1097 2256 concurrisset,

102 2292 158 2356 ille
178 2311 244 2354 non
268 2290 362 2355 modo
385 2290 543 2354 neminem
570 2291 609 2353 ad
635 2312 723 2355 arma
742 2291 884 2367 vocavit,
906 2291 959 2354 sed
980 2312 1021 2354 ne
1041 2312 1093 2353 ar-

103 2402 197 2467 matis
222 2402 350 2489 quidem
375 2422 516 2486 praeesse
537 2401 664 2499 voluitp

148 2514 254 2579 Erant
287 2534 324 2578 1ο
359 2515 502 2597 tempore
532 2511 670 2576 Athenis
699 2515 780 2576 duae
811 2511 983 2590 factiones,
1015 2534 1094 2597 qua·
1121 2513 1141 2576 3

102 2648 175 2690 rum
206 2647 272 2689 una
301 2623 412 2709 populi
445 2645 570 2688 causam
599 2625 731 2708 agebat,
757 2624 857 2687 altera
881 2624 1094 2708 optimatium.

102 2738 138 2802 in
169 2737 230 2801 hac
256 2739 326 2800 erat
347 2735 491 2800 Phocion
514 2737 547 2799 et
569 2734 954 2827 DemetriusPhalereus.
982 2735 1096 2800 harum

101 2852 239 2932 utraque
269 2847 482 2912 Macedonum
513 2846 701 2930 patrociniis
733 2847 900 2912 utebatur:
933 2869 1005 2912 nam
1035 2867 1093 2930 po-

100 2960 228 3044 pulares
251 2958 504 3043 Polyperchonti
527 2957 682 3022 favebant
725 2958 894 3041 optimates
918 2981 989 3023 cum
1013 2956 1090 3022 Cas-

101 3072 219 3135 sandro
260 3071 452 3135 sentiebant.
496 3071 627 3134 interim
668 3092 687 3133 a
722 3069 978 3154 Polyperchonte
1014 3066 1126 3132 Cas-2

102 3184 219 3247 sander
259 3181 449 3268 Macedonia
489 3182 600 3266 pulsus
644 3184 701 3245 est.
738 3203 801 3264 quo
835 3181 920 3244 facto
956 3178 1093 3262 populus

101 3293 246 3378 superior
272 3293 375 3357 factus
398 3292 507 3356 statim
531 3293 625 3357 duces
649 3292 846 3358 adversariae
870 3290 1019 3355 factionis
1042 3313 1094 3355 ca·
1173 3312 1191 3335 ⁴

100 3406 178 3489 pitis
209 3401 378 3469 damnatos
410 3404 514 3488 patria
544 3404 687 3489 pepulit,
715 3405 749 3468 in
772 3404 822 3467 his
846 3402 1041 3467 Phocionem
1064 3405 1098 3466 et

101 3514 300 3581 Demetrium
330 3515 539 3594 Phalereum,
572 3516 672 3600 deque
703 3538 740 3580 ea
763 3536 797 3578 re
820 3514 943 3599 legatos
968 3515 1008 3578 ad
1032 3513 1094 3578 Po-

101 3626 344 3712 lyperchontem
363 3608 545 3713 misit,{qui
564 3628 605 3693 ab
626 3649 663 3692 eo
682 3629 828 3712 peterent
846 3629 883 3691 ut
898 3648 955 3690 sua
967 3627 1093 3689 decreta
1153 3654 1170 3677 s
