2460 4026
156 199 197 263 12
438 219 475 263 11.
500 218 742 265 ruumsroonus.
767 198 798 261 4.
821 154 856 262 ⁵5.

154 392 308 458 auderent
330 394 363 455 11
382 391 512 475 plurimi
529 391 754 469 hortarentur,
775 399 812 455 ut
830 394 940 456 domos
960 402 1032 456 suas
1045 391 1148 455 disce·

155 505 267 568 darent
310 503 539 588 moenibusque
585 526 617 568 se
657 504 881 581 defenderent,
915 503 1153 568 Themistocles

153 637 238 679 unus
269 614 388 679 restitit
418 617 451 678 11
481 615 646 679 universos
678 633 769 698 pares
800 636 867 678 esse
898 636 990 698 posse
1020 614 1147 692 aiebat,

154 728 312 811 dispersos
335 727 517 790 testabatur
538 727 713 810 perituros,
737 728 843 811 idque
856 726 1052 810 Eurybiadi,
1076 725 1148 810 regi

153 837 495 916 Lacedaemoniorum,
521 838 577 922 qui
600 841 671 902 tum
689 861 830 903 summac
851 839 977 922 imperii
989 841 1149 922 praeerat,

127 949 221 1014 afore
253 948 441 1014 affirmabat.
475 972 569 1034 quem
602 972 673 1014 oum
707 951 813 1014 minus
836 972 932 1033 quam
956 948 1153 1012 vellet'mo·

153 1063 259 1142 venet,
286 1063 385 1125 noctu
410 1064 448 1125 de
473 1062 571 1126 servis
595 1062 660 1126 suis
681 1084 776 1145 quem
795 1061 909 1125 habuit
924 1060 1146 1124 fidelissimum

155 1171 195 1235 ad
224 1192 333 1256 regem
363 1173 471 1248 misit,
496 1177 533 1236 ut
558 1173 587 1237 ei
610 1173 776 1237 nuntiaret
799 1173 864 1237 suis
886 1169 1009 1249 verbio,
1033 1171 1153 1235 advor-

125 1283 253 1347 4sari0s
279 1283 346 1347 eius
370 1283 405 1346 in
429 1283 508 1368 fuga
531 1306 614 1349 esse:
640 1284 696 1368 qui
719 1263 747 1348 si
770 1284 1002 1360 discessissent,
1027 1283 1153 1347 maiore·

156 1417 228 1459 cum
267 1395 375 1458 labore
410 1399 443 1460 ct
478 1396 703 1480 longinquiore
738 1400 881 1480 tempore
917 1395 1034 1474 bellum
1070 1414 1148 1458 con-

154 1504 331 1583 fecturum,
368 1529 441 1571 oum
471 1507 615 1592 singulos
644 1507 820 1572 consectari
851 1509 1035 1591 cogeretur:
1068 1526 1154 1589 quos-

156 1616 183 1680 si
207 1617 316 1681 statim
339 1622 584 1703 aggrederetur,
609 1619 699 1684 brevi
722 1619 887 1685 universos
911 1639 1149 1702 oppressurum.

156 1729 218 1795 hoc
241 1751 278 1794 eo
302 1730 447 1806 valebat,
472 1736 509 1794 ut
531 1731 681 1815 ingratiis
705 1733 746 1793 ad
766 1730 1016 1815 depugnandum
1037 1749 1148 1792 omnes
1185 1741 1188 1746 “

129 1846 357 1926 taugerentur.
389 1842 450 1906 hac
481 1863 514 1905 re
547 1841 656 1905 audita
680 1841 852 1918 barbarus,
879 1841 959 1904 nihil
983 1839 1157 1904 1111111111--

157 1975 224 2018 esse
255 1954 403 2038 credens,
433 1954 587 2038 postridie
621 1953 813 2018 alienissimo
837 1953 899 2017 sibi
922 1953 1011 2029 locu,
1035 1954 1151 2016 contra

157 2065 430 2151 opportunissimo
454 2066 600 2131 hostibus
624 2065 701 2129 adeo
728 2069 865 2150 angusto
889 2064 971 2128 mari
991 2061 1154 2139 conflixit,

156 2179 194 2240 ut
229 2176 296 2242 eius
331 2178 506 2243 multitudo
541 2178 672 2242 narium
708 2177 859 2262 explicari
893 2197 960 2240 non
994 2173 1147 2259 potuerit.

157 2287 261 2353 victus
283 2309 358 2372 ergo
379 2293 429 2354 est
448 2290 551 2374 magis
563 2290 659 2354 etiam
673 2289 805 2354 consilio
818 2286 1041 2352 Themistoclis
1052 2308 1152 2370 quam

160 2401 256 2464 armis
283 2400 444 2467 Graeciae.

129 2510 148 2574 5
201 2511 264 2576 Hic
295 2512 355 2577 etsi
387 2515 470 2578 male
501 2536 568 2578 rem
599 2516 756 2597 gesserat,
786 2517 895 2577 tamen
918 2515 1027 2576 tantas
1050 2509 1153 2574 habe-

158 2622 216 2685 bat
250 2623 400 2707 reliquias
429 2625 608 2709 copiarum,
634 2628 671 2688 ut
695 2625 791 2688 etiam
816 2627 885 2688 tum
908 2624 948 2687 iis
972 2623 1152 2708 opprimere

158 2737 266 2817 posset
297 2733 416 2798 hostes.
446 2735 564 2798 iterum
593 2735 634 2797 ab
658 2736 769 2799 eodem
793 2736 895 2820 gradu
919 2735 1067 2819 depulsus
1091 2736 1150 2798 est.

158 2866 235 2907 nam
276 2845 505 2910 Themistocles
541 2868 653 2911 verens
687 2869 728 2911 nc
763 2847 881 2911 bellare
915 2847 1152 2930 perseveraret,

159 2955 325 3021 certiorem
357 2979 429 3021 eum
461 2957 538 3021 fecit
568 2957 601 3021 id
632 2959 700 3044 agi,
734 2962 772 3022 ut
796 2980 897 3043 pons,
921 2980 1015 3042 quem
1038 2957 1093 3020 ille
1115 2957 1153 3020 in

159 3067 370 3153 Hellesponto
394 3068 529 3146 lecerat,
555 3069 779 3134 dissolveretur
799 3090 835 3132 ac
859 3069 964 3132 reditu
983 3069 1018 3131 in
1038 3068 1151 3132 Asiam

132 3181 382 3245 2excluderelur
424 3181 520 3264 idque
562 3181 591 3244 11
634 3180 802 3265 persuasit.
846 3180 954 3263 itaque
997 3201 1061 3263 qua
1096 3200 1154 3244 sex

161 3290 324 3357 mensibus
357 3293 419 3356 iter
453 3291 591 3370 fecerat,
618 3294 726 3356 eadem
750 3291 857 3355 minus
881 3290 992 3355 diebus
1015 3290 1160 3374 triginta

160 3402 196 3467 in
220 3403 332 3467 Asiam
356 3424 500 3467 reversus
525 3406 574 3466 est
598 3424 692 3486 seque
716 3401 1155 3487 aThemistoclcnonsupe-

132 3517 286 3592 aratum,
328 3516 382 3579 sed
426 3517 648 3580 conservatum
682 3514 846 3578 iudicavit.
881 3514 925 3579 sic
960 3513 1056 3578 unius
1090 3513 1155 3578 viri

82 3682 84 3685 ,
155 3627 332 3709 prudentia
368 3625 500 3692 Graecia
522 3627 658 3691 liberata
682 3628 730 3690 est
753 3625 963 3710 Europaeque
985 3626 1155 3690 succubuit
