2460 4026
415 251 469 295 11.
495 250 734 295 nrrmuornas.
760 232 791 296 4.
817 229 847 294 5.
1064 229 1106 294 73

107 444 168 508 ego
205 428 237 488 te
273 425 398 488 tradam
435 414 658 507 magistratui!
694 422 780 487 hunc
817 421 999 489 Diomedon
1034 439 1140 487 0111114

104 539 255 618 rogaret,
278 538 315 598 ut
333 537 404 599 tuto
426 535 528 599 exiret
544 556 679 618 suaque,
700 557 781 618 quae
802 534 970 612 attulerat,
990 535 1100 599 liceret

106 645 236 723 efferre,
258 645 356 710 ‘istud
375 644 512 729 quidem'
528 645 634 730 inquit
645 604 911 820 ‘faciaffreque
922 651 979 712 tua
991 669 1104 724 causa,

106 758 163 820 sed
187 778 273 841 mea,
296 780 355 835 ne,
377 758 402 822 si
423 757 484 821 tibi
504 757 545 822 sit
565 757 701 841 pecunia
721 780 739 821 a
762 762 864 836 emta,
885 758 1000 844 aliquis
1020 761 1106 824 dicat

104 867 141 931 id
173 869 213 965 ad
242 891 293 933 me
324 871 469 953 ereptum
502 871 699 952 pervenisse,
732 872 817 953 quod
849 871 993 935 oblatum
1021 870 1104 935 acci-

104 1000 183 1062 pere
214 981 409 1046 noluissem.'
439 1003 458 1044 a
489 1003 552 1065 quo
591 1004 662 1047 cum
692 983 881 1066 quaesisset,
907 1005 969 1068 quo
994 1005 1027 1047 se
1051 984 1139 1046 de-5

105 1089 181 1154 duci
213 1090 327 1170 vellet,
343 1095 389 1156 *et
412 1092 466 1156 ille
489 1093 635 1158 Athenas
659 1094 806 1170 dixisset,
832 1095 1025 1179 praesidium
1049 1098 1104 1159 de-

105 1201 174 1279 dit,
207 1207 244 1266 ut
274 1206 345 1268 tuto
376 1206 565 1288 perveniret.
591 1227 693 1288 neque
718 1227 790 1270 vero
815 1207 848 1269 id
872 1206 949 1270 satis
972 1205 1102 1288 habuit,

105 1313 164 1377 sed
195 1314 309 1393 etiam,
341 1319 378 1379 ut
407 1316 581 1382 inviolatus
607 1317 643 1380 in
674 1339 790 1381 navem
822 1319 1019 1394 escenderet,
1046 1338 1102 1400 per

107 1421 284 1494 Chabriam
304 1426 555 1504 Atheniensem,
575 1428 614 1492 de
634 1449 697 1512 quo
710 1450 806 1512 supra
818 1429 1014 1492 mentionem
1023 1427 1100 1492 feci-

106 1563 201 1617 mus,
229 1538 343 1603 effecit.
368 1538 581 1603 abstinentiae
605 1539 665 1603 erit
687 1539 748 1604 hoc
772 1541 849 1604 satis
871 1539 1101 1605 testimonium.
1122 1555 1136 1602 6

103 1652 246 1738 plurima
272 1650 401 1734 quidem
421 1649 563 1733 proferre
586 1671 770 1734 possumus,
795 1651 849 1715 sed
873 1652 985 1715 modus
1010 1649 1102 1713 adhi-

103 1764 233 1829 bendus
256 1764 320 1839 est,
345 1760 498 1844 quoniam
522 1783 587 1825 uno
612 1760 672 1825 hoc
696 1761 858 1826 volumine
877 1762 976 1827 vitam
999 1762 1101 1825 excel-

103 1873 244 1939 lentium
265 1874 406 1937 virorum
428 1872 641 1956 complurium
654 1873 844 1938 concludere
856 1873 1104 1974 constituimus}
1213 1886 1216 1897 ⁴

103 2007 244 2071 quorum
269 1984 441 2068 separatim
465 1984 575 2049 multis
596 1985 737 2050 millibus
756 2009 904 2052 versuum
925 1985 1101 2070 complures

140 2096 279 2180 riptores
304 2099 386 2180 ante¹¹
404 2116 464 2159 nos
487 2095 697 2179 explicarunt.

99 2216 119 2279 ,²
153 2205 230 2271 Fuit
264 2207 361 2271 etiarn
397 2205 547 2283 disertus,
584 2211 620 2270 ut
655 2229 749 2271 nemo
781 2208 809 2271 11
841 2206 1012 2272 Thebanus
1043 2231 1102 2292 par
1120 2218 1146 2302 5
1200 2244 1203 2253 ·

102 2321 190 2384 61111
213 2316 413 2401 eloquentia,
437 2336 540 2400 neque
564 2317 669 2381 minus
694 2318 870 2390 concinnus
889 2318 924 2381 in
944 2318 1101 2383 brevitate

104 2428 325 2514 respondendi
356 2428 510 2512 quanin
533 2431 687 2513 perpetua
710 2430 854 2494 oratione
874 2434 1016 2494 ornatus.
1042 2430 1135 2493 ha-2
1190 2405 1193 2415 ,

101 2541 179 2606 buit
217 2540 464 2604 obtrectatorem
504 2539 713 2605 Menecliden
748 2542 924 2626 quendam,
959 2541 1100 2607 indidem

102 2651 244 2729 Thebis,
276 2654 308 2715 61
330 2650 545 2729 adversarium
570 2652 605 2715 in
629 2653 884 2718 administranda
907 2653 1099 2738 republica,

102 2763 185 2831 satis
210 2762 434 2834 excercitatum
458 2762 492 2825 in
518 2764 670 2848 dicende,
696 2768 732 2828 ut
755 2764 944 2830 Thebanum
965 2744 1122 2883 scilicet:l

101 2894 247 2956 namque
279 2873 326 2936 illi
358 2874 448 2956 genti
479 2874 551 2957 plus
583 2875 667 2939 inest
699 2876 815 2940 virium
846 2899 941 2961 quarn
965 2864 1159 2962 ingenii.†

101 2984 151 3062 11,
175 2985 261 3068 quod
285 2985 320 3048 in
336 3006 371 3049 re
389 2984 521 3048 militari
541 2985 653 3050 florere
672 2985 931 3071 Epaminondam
952 2988 1098 3064 videbat,
1118 3003 1133 3050 3

102 3095 231 3161 hortari
251 3097 374 3160 solebat
392 3096 579 3180 Thebanos,
598 3101 636 3161 ut
654 3120 763 3183 pacem
786 3099 869 3164 bello
885 3098 1098 3174 anteferrent,

101 3194 162 3273 ne¹
182 3207 270 3272 illius
303 3208 505 3292 imperatoris
543 3231 638 3292 opera
670 3211 909 3275 desideraretur.
941 3209 1015 3273 huic
1045 3209 1100 3273 ille

101 3308 214 3383 ‘'fallis'
250 3319 357 3404 inquit
386 3320 492 3384 ‘verbo
527 3321 610 3386 cives
641 3324 730 3405 tuos,
765 3324 850 3406 quod
880 3343 933 3386 eos
965 3344 984 3385 a
1014 3322 1099 3387 bello

100 3449 238 3496 avocas:
272 3431 330 3494 otii
362 3430 447 3494 enim
475 3432 605 3498 nomine
629 3435 814 3499 servitutem
839 3434 997 3501 concilias.
1024 3448 1133 3498 namo

99 3542 230 3627 paritur
253 3564 317 3626 pax
341 3542 443 3634 bellos,¹
459 3543 568 3629 itaque
592 3546 647 3630 qui
672 3568 708 3610 ea
732 3544 857 3610 diutina
880 3548 995 3611 volunt
1017 3544 1098 3620 frui,

100 3652 191 3719 bello
216 3653 398 3719 excercitati
422 3676 488 3719 esse
508 3657 634 3726 debent.
657 3679 754 3744 quare
775 3659 804 3724 si
820 3659 986 3744 principes
1000 3656 1106 3718 Caras·
1183 3642 1189 3653 ’
