2460 4026
439 200 491 240 xx.
516 195 689 240 rmonaox.
717 177 745 241 1.
774 176 803 238 2.
1042 174 1107 239 103

112 372 218 437 nescio
249 394 291 434 an
322 370 424 447 nulli,
456 372 494 432 ut
517 373 549 433 61
573 371 727 453 patriam,
753 369 788 432 in
812 392 876 452 qua
899 374 967 433 erat
990 371 1105 445 natus,

111 505 297 568 oppressam
332 505 350 545 a
385 483 523 565 tyranno
558 481 724 558 liberaret,
762 486 794 544 61
828 504 847 544 6
877 480 1104 563 Syracusanis,

110 595 226 680 quibus
256 593 373 658 auxilio
398 597 466 657 erat
489 593 620 675 missus,
646 594 711 656 iam
734 594 945 658 inveteratam
970 591 1106 655 servitu-

110 710 177 770 tem
201 706 373 790 depelleret
395 708 560 789 totamque
581 704 738 781 Siciliam,
759 705 878 767 multos
899 724 1001 767 annos
1021 701 1107 764 bello
1189 730 1192 737 ·

108 820 254 881 vexatam
286 840 306 881 a
333 817 539 899 barbarisque
570 838 771 900 oppressam,
804 836 861 879 suo
893 816 1032 879 adventu
1062 813 1097 875 in

108 927 280 1010 pristinum
311 929 503 992 restitueret.
536 929 589 992 sed
622 928 657 991 in
686 927 736 991 his
759 926 853 991 rebus
875 948 943 989 non
967 924 1131 1009 simplicia

107 1039 238 1103 fortuna
270 1040 470 1104 conflictatus
493 1042 559 1116 est,
584 1043 631 1115 et,
656 1039 689 1101 id
714 1039 800 1122 quod
825 1037 984 1102 difficilius
1009 1041 1103 1120 puta-

106 1154 176 1227 tur,
202 1151 304 1214 multo
329 1151 503 1234 sapientius
527 1151 604 1214 tulit
629 1152 800 1215 secundam
821 1172 917 1233 quam
938 1151 1104 1212 adversam

107 1260 282 1326 fortunam.
315 1284 391 1325 nam
423 1283 494 1325 cum
524 1261 623 1324 frater
647 1261 713 1326 eius
736 1260 969 1344 Timophanes,
996 1262 1059 1325 dux
1085 1275 1131 1322 aa

108 1370 283 1436 Corinthiis
312 1374 466 1451 delectus,
491 1373 695 1457 tyrannidem
717 1395 774 1457 per
798 1372 916 1438 militas
941 1395 1102 1437 mercena-

105 1485 169 1547 rios
201 1488 385 1568 occupasset
411 1485 632 1568 particepsque
664 1484 757 1568 regni
784 1488 892 1567 posset
917 1507 1002 1562 esse,
1028 1489 1102 1549 tan-

104 1598 174 1658 tum
205 1594 287 1658 aluit
317 1618 336 1658 a
359 1597 510 1660 societate
533 1596 678 1671 sceleris,
706 1599 743 1658 ut
770 1597 958 1660 antetulerit
982 1596 1098 1661 civium

105 1727 236 1770 suorum
272 1707 452 1771 libertatem
487 1708 595 1773 fratris
631 1709 728 1772 saluti
764 1711 797 1772 61
832 1730 941 1792 parere
977 1708 1101 1792 legibus

105 1841 203 1902 quam
244 1818 401 1901 imperare
436 1819 557 1903 patriae
591 1819 689 1883 satius
726 1820 860 1884 duxerit.
898 1819 959 1883 hac
995 1823 1132 1884 mentes

104 1952 160 2013 per
203 1929 402 2014 haruspicem
442 1952 709 2014 communemque
744 1931 887 2015 affinem,
926 1933 979 1996 oui
1014 1954 1102 1996 soror

105 2063 145 2104 ex
178 2041 289 2105 iisdem
319 2042 506 2124 parentibus
531 2045 609 2105 nata
632 2046 735 2126 nupta
765 2045 852 2120 orat,
885 2043 1017 2107 fratrem
1048 2048 1101 2126 ty·

104 2175 243 2215 rannum
277 2152 534 2215 interficiendum
565 2153 697 2216 curavit.
729 2155 795 2236 ipse
819 2175 887 2217 non
911 2157 1006 2216 modo
1030 2176 1099 2217 ma-

106 2285 167 2326 nus
196 2285 262 2328 non
292 2264 417 2340 attulit,
447 2250 513 2327 sed*
535 2285 574 2327 no
602 2265 740 2347 aspicere
770 2265 898 2349 quidem
922 2265 1100 2329 fraternum

107 2375 296 2458 sanguinem
325 2375 436 2439 voluit.
461 2398 537 2438 nam
562 2378 638 2439 dum
662 2398 711 2440 res
735 2376 960 2460 conficeretur,
987 2376 1099 2461 procul

104 2484 139 2548 in
170 2487 328 2569 praesidio
358 2486 440 2563 fuit,
465 2488 600 2570 nequis
628 2487 753 2552 satelles
777 2493 885 2571 posset
907 2510 1096 2553 succurrere.

104 2596 164 2658 hoc
189 2598 475 2681 praeclarissimum
498 2598 565 2662 eius
592 2598 715 2663 factum
735 2621 802 2663 non
821 2601 890 2683 pari
914 2604 1009 2665 modo
1022 2617 1125 2685 pro-s

103 2706 213 2770 batum
241 2712 289 2772 est
312 2709 352 2772 ab
378 2698 541 2773 omnibus:
569 2711 716 2775 nonnulli
742 2712 827 2774 enim
851 2712 968 2776 laesam
994 2714 1034 2777 ab
1060 2736 1096 2778 eo

102 2819 256 2903 pietatem
284 2820 449 2913 putabant
475 2825 508 2885 et
530 2821 653 2884 invidia
674 2822 801 2886 laudem
823 2823 951 2891 virtutis
970 2825 1095 2889 obtere-

101 2931 190 2994 bant.
227 2936 329 2996 mater
360 2953 435 2995 vero
470 2935 543 3016 post
566 2933 599 2996 id
627 2932 747 2997 factum
772 2956 875 3017 neque
900 2938 1029 2998 domum
1054 2938 1093 2999 ad

100 3063 133 3104 se
165 3041 266 3106 filium
298 3043 427 3107 admisit
457 3065 560 3126 nequo
588 3044 730 3127 aspexit,
756 3046 836 3129 quin
859 3067 931 3109 eum
955 3046 1093 3110 fratrici-

102 3156 176 3215 dam
206 3153 403 3238 impiumque
430 3157 592 3220 detestans
618 3155 831 3240 compellaret.
858 3157 975 3241 quibus
998 3159 1121 3223 rebuso

98 3265 153 3329 ille
177 3267 256 3337 adeo
279 3270 327 3330 est
350 3270 546 3344 commotuS‚
570 3269 606 3330 ut
626 3289 871 3351 nonnumquam
891 3269 975 3332 vitas
995 3269 1092 3335 finem

99 3377 203 3441 facere
232 3376 368 3440 voluerit
399 3380 495 3460 atque
527 3400 566 3442 ex
597 3379 799 3462 ingratorum
822 3379 990 3443 hominum
1015 3404 1092 3446 con-

102 3492 210 3569 spectu
235 3490 338 3552 morte
361 3490 521 3554 decedere.

115 3622 119 3626 ·
146 3597 281 3662 Interim
334 3597 439 3662 Dione
493 3600 656 3684 Syracusis
701 3599 869 3664 interfecto
920 3600 1091 3686 Dionysius
1117 3605 1137 3666 2
