2460 4026
437 206 533 263 111111,
556 205 712 251 numurus.
737 187 768 250 3.
793 187 824 252 4.
1054 185 1096 251 91

105 381 296 465 cogebatur,
319 383 431 443 tamen
453 379 591 442 amioum
615 401 681 443 non
703 379 841 443 deseruit
859 400 963 463 neque
982 377 1094 442 salutis

105 515 203 576 quam
238 490 315 555 fidei
347 489 410 554 fuit
440 490 592 574 cupidior.
625 491 819 574 praefecerat
849 489 935 555 hune
964 491 1128 557 Perdice

103 626 158 668 cas
182 604 212 667 ci
233 603 319 686 parti
340 601 454 679 Asiae,
478 624 560 686 quae
581 603 667 666 inter
690 603 831 667 Taurum
850 606 992 667 montem
1012 603 1096 668 iacet

105 719 203 798 atque
249 712 511 797 Hellespontum,
555 716 587 777 et
627 714 720 778 illum
762 737 861 778 unum
906 717 1097 799 opposuerat

106 825 280 909 Europaeis
314 826 519 890 adversariis:
554 826 621 909 ipse
657 825 841 909 Aegyptum
872 827 1095 909 oppugnatum

104 937 255 1001 adversus
285 936 502 1001 Ptolemaeum
532 941 600 1000 erat
629 936 799 1020 profectus.
831 936 991 1003 Eumenes
1023 951 1129 1003 6111113
1183 998 1188 1006 .

105 1070 209 1131 neque
238 1067 373 1130 magnas
395 1047 503 1132 copias
526 1070 630 1132 neque
652 1048 760 1112 firmas
782 1049 931 1126 haberet,
956 1051 1041 1133 quod
1065 1052 1098 1115 et

103 1160 332 1223 inexercitatae
367 1160 400 1221 61
434 1180 501 1223 non
531 1160 632 1223 multo
663 1163 739 1224 ante
770 1164 862 1223 erant
894 1162 1094 1237 contractae,

104 1271 277 1334 adventare
306 1271 412 1333 auteur
445 1270 627 1334 dicerentur
656 1269 965 1353 Hellespontumque
987 1273 1093 1335 trans-

104 1381 165 1445 isse
194 1380 368 1464 Antipater
392 1382 424 1444 et
447 1378 596 1446 Craterus
620 1402 740 1466 magno
763 1404 835 1446 oum
860 1382 999 1446 exercitu
1025 1381 1096 1446 Ma-

101 1495 278 1570 cedonum,
299 1492 360 1556 viri
378 1514 451 1556 cum
471 1493 616 1558 claritate
635 1496 704 1558 tum
728 1517 785 1558 usu
804 1493 881 1558 belli
895 1495 1094 1577 praestantes

104 1602 307 1686 (Macedones
341 1624 416 1666 vero
451 1603 567 1668 milites
602 1626 640 1668 ea
670 1607 741 1669 tum
771 1609 863 1668 erant
893 1603 998 1681 fama,
1031 1617 1128 1687 qual

103 1736 190 1779 nunc
222 1713 361 1778 Romani
393 1713 558 1778 feruntur:
591 1714 708 1779 etenim
739 1737 863 1799 semper
891 1714 995 1779 habiti
1018 1718 1095 1778 sunt

102 1825 285 1902 fortissimi,
317 1826 372 1909 qui
402 1848 525 1890 summa
554 1826 679 1912 imperii
701 1827 912 1912 potirentur):
935 1825 1095 1889 Eumenes

103 1936 324 2020 intelligebat,
365 1937 393 2000 si
433 1937 543 2021 copiae
585 1959 660 2003 suae
698 1943 908 2024 cognossent,
945 1939 1095 2001 adversus

102 2068 183 2131 quos
215 2047 423 2126 ducerentur,
456 2070 522 2112 non
553 2053 647 2114 modo
680 2072 746 2115 non
778 2051 898 2128 ituras,
922 2049 978 2113 sed
1002 2046 1096 2111 simul

103 2160 176 2221 ⁰um
201 2159 316 2223 nuntio
340 2159 527 2243 dilapsuras.
550 2161 659 2244 itaque
682 2160 744 2225 hoo
767 2162 796 2225 ei
819 2163 922 2226 visum
947 2164 996 2225 est
1017 2185 1094 2246 pru·
1114 2175 1128 2222 5

102 2269 343 2349 dentissimum,
371 2274 409 2336 ut
436 2272 535 2336 deviis
557 2272 725 2336 itineribus
750 2272 867 2337 milites
891 2275 1036 2351 duceret,
1060 2273 1096 2337 in

102 2380 219 2464 quibus
252 2404 325 2447 vera
358 2383 466 2447 audire
497 2404 563 2447 non
594 2387 742 2467 possent,
770 2388 802 2448 et
824 2385 863 2449 iis
887 2385 1090 2469 persuaderet

102 2514 137 2556 se
167 2495 280 2557 contra
310 2495 465 2578 quosdam
497 2496 650 2561 barbaros
676 2496 844 2580 proficisci.
867 2500 964 2580 atque
987 2497 1127 2561 tenuitc

103 2604 166 2668 hoc
195 2606 394 2689 propositum
427 2609 459 2672 et
489 2608 578 2691 prius
604 2608 639 2673 in
664 2609 762 2673 aciem
787 2610 961 2674 exercitum
985 2608 1096 2673 eduxit

36 2713 52 2724 ⁸
102 2716 322 2801 proeliumque
345 2719 519 2804 commisit,
547 2741 643 2804 quam
667 2719 785 2784 milites
804 2721 853 2784 sui
873 2721 1007 2803 scirent,
1023 2742 1095 2784 cum

103 2827 219 2911 quibus
249 2850 337 2893 arma
369 2828 561 2897 conferrent.
595 2831 699 2896 effecit
730 2831 827 2895 etiam
849 2831 930 2895 illud
953 2830 1096 2897 locorum

102 2941 405 3024 praeoccupatione,
436 2946 472 3006 ut
504 2942 648 3025 equitatu
678 2942 784 3027 potius
816 2943 1000 3021 dimicaret,
1031 2962 1095 3026 quo

102 3050 175 3133 plus
198 3051 343 3131 valebat,
367 3075 464 3137 quam
488 3053 648 3137 peditatu,
674 3075 736 3138 quo
760 3057 829 3119 erat
851 3054 998 3119 deterior.

149 3158 289 3236 Quorum
331 3164 483 3229 acerrimo
527 3185 682 3230 concursu
726 3188 799 3231 oum
833 3186 985 3250 magnam
1020 3162 1142 3259 par-4

102 3274 168 3336 tem
210 3274 272 3338 diei
310 3279 391 3340 esset
426 3279 624 3361 pugnatum,
662 3277 748 3341 cadit
783 3275 931 3342 Craterus
966 3277 1030 3340 dux
1064 3279 1097 3340 et

101 3384 352 3469 Neoptolemus,
383 3387 439 3471 qui
470 3387 645 3451 secundum
675 3387 781 3452 locum
804 3388 930 3471 imperii
952 3388 1092 3453 tenebat

101 3517 175 3561 cum
206 3497 268 3561 hoc
298 3499 460 3562 concurrit
488 3500 556 3583 ipse
586 3497 754 3565 Eumenes.
779 3499 929 3583 quicum
952 3499 1037 3563 inter
1061 3515 1128 3564 see
1208 3486 1209 3492 ¹

101 3609 260 3693 complexi
287 3610 324 3674 in
353 3614 471 3675 tetram
501 3631 540 3674 ex
571 3611 660 3694 equis
692 3610 900 3689 decidissent,
941 3612 978 3675 ut
999 3609 1093 3676 facile
