2460 4026
411 227 471 271 vn.
496 225 693 272 anorcrrnus.
718 207 749 270 9.
776 207 827 269 10.
1047 207 1088 271 37

80 393 270 485 ¹postquam
305 423 376 464 eum
412 422 483 464 cum
514 419 632 484 magna
662 400 799 484 pecunia
830 400 953 464 venisse
984 421 1090 464 sense-

99 517 194 592 mnt,
220 511 352 576 insidias
375 511 537 590 fecerunt,
562 533 620 588 ea,
646 533 726 595 quae
750 514 954 595 apportarat,
979 512 1088 575 abstu-

98 627 225 703 lerunt,
261 626 367 709 ipsum
401 646 513 708 capere
548 644 614 687 non
648 625 832 706 potuerunt.
868 621 923 686 ille
957 637 1118 686 cerneusc

99 737 226 802 nullum
257 736 364 801 locum
393 735 454 799 sibi
476 737 582 799 tutum
605 734 641 797 in
666 732 797 798 Graecia
820 737 952 818 propter
974 737 1090 819 poten-

99 850 179 914 tiam
213 847 556 923 Lacedaemoniorum,
588 846 629 909 ad
657 845 900 910 Pharnabazum
923 846 959 908 in
981 843 1091 910 Asiam

99 960 245 1024 transiit:
281 981 375 1043 quem
406 959 534 1042 quidem
564 958 642 1020 adeo
669 979 726 1020 sua
758 956 842 1040 cepit
873 956 1089 1036 humanitate,

100 1079 137 1138 ut
171 1095 243 1136 eum
278 1092 372 1136 nemo
405 1071 440 1134 in
476 1069 616 1134 amicitia
650 1068 860 1132 antecederet.
892 1091 1031 1153 namque
1063 1070 1092 1133 ei

101 1185 258 1269 Grynium
282 1185 428 1260 dederat,
452 1183 488 1246 in
511 1181 653 1264 Phrygia
673 1182 830 1257 castrum,
853 1201 892 1244 ex
912 1182 1090 1265 quoquin-

100 1317 248 1381 quagena
289 1295 412 1360 talenta
454 1292 621 1377 vectigalis
666 1290 820 1375 capiebat.
864 1313 927 1375 qua
960 1293 1119 1356 fortunae

100 1407 282 1472 Alcibiades
314 1430 381 1472 non
409 1410 478 1471 erat
501 1407 670 1470 contentus
694 1413 797 1487 neque
820 1403 967 1469 Athenas
991 1405 1091 1469 rictas

101 1520 355 1585 Lacedaemoniis
379 1519 495 1584 servire
517 1519 645 1601 poterat
665 1515 743 1599 pati.
768 1515 875 1599 itaque
895 1519 936 1579 ad
954 1517 1091 1600 patriam

100 1632 298 1696 liberandam
334 1633 423 1695 omni
452 1632 612 1696 ferebatur
642 1636 847 1718 cogitatione.
879 1634 934 1695 sed
963 1631 1119 1696 videbat5

100 1744 134 1807 id
165 1744 234 1808 sine
261 1765 335 1828 rege
358 1745 526 1810 Persarum
548 1767 616 1810 non
639 1744 731 1830 posse
753 1747 838 1832 fieri,
863 1747 996 1829 ideoque
1019 1764 1091 1807 eum

102 1855 239 1919 amisum
268 1857 328 1921 siu
353 1858 501 1941 cupiebat
524 1859 656 1942 adiungi
680 1881 784 1944 neque
808 1859 978 1923 cubitabat
998 1853 1092 1918 facile
1148 1836 1149 1841 '

102 1988 134 2031 se
158 1972 420 2047 consecuturum,
442 1971 469 2034 si
491 1972 584 2035 modo
609 1971 675 2036 eius
700 1970 909 2036 conveniendi
928 1967 1092 2033 habuisset

36 2166 40 2175 Ι
101 2082 302 2163 potestatem.
347 2103 422 2145 narn
464 2081 583 2167 Cyrum
625 2084 757 2148 fratrem
793 2084 821 2147 ei
855 2084 974 2147 bellum
1009 2081 1092 2145 clam

102 2213 214 2274 parare
236 2191 493 2258 Lacedaemoniis
517 2195 743 2260 adiuvantibus
762 2194 894 2259 sciebat:
917 2194 950 2257 id
971 2193 998 2256 si
1016 2212 1091 2274 ape-

102 2303 235 2378 ruisset,
258 2326 409 2388 magnam
433 2327 466 2368 se
489 2306 644 2370 initurum
669 2307 807 2390 gratiam
833 2305 969 2369 videbat.

148 2413 219 2478 Hoc
250 2437 322 2479 cum
353 2416 518 2481 moliretur
548 2421 732 2503 peteretque
757 2441 776 2481 a
798 2416 1025 2492 Pharnabazo,
1049 2413 1137 2477 utro
1187 2430 1192 2441 ’

101 2526 142 2589 ad
164 2546 271 2609 regem
292 2528 487 2606 mitteretur,
508 2532 617 2593 codem
637 2532 780 2614 tempore
800 2527 915 2593 Critias
936 2525 1093 2609 ceterique

102 2638 233 2720 tyranni
263 2637 507 2704 Atheniensium
531 2644 634 2705 certos
655 2641 801 2705 homines
825 2642 866 2703 ad
890 2638 1092 2724 Lysandrum

102 2747 136 2810 in
179 2747 290 2812 Asiam
325 2750 496 2834 miserant,
532 2753 588 2836 qui
622 2775 693 2817 eum
730 2753 895 2817 certiorem
930 2753 1091 2828 facerent,

103 2859 166 2924 nisi
196 2860 395 2926 Alcibiadem
426 2864 621 2946 sustulisset,
652 2864 734 2927 nihil
765 2886 874 2929 earum
896 2885 1002 2927 rerum
1024 2862 1093 2926 lore

100 2978 224 3051 ratum,
245 2996 324 3057 quas
341 2975 408 3059 ipae
428 2973 566 3039 Athenis
586 2976 822 3040 constituisset:
844 2998 961 3060 quare,
978 2976 1004 3039 si
1020 2996 1092 3038 suas

101 3107 151 3150 res
185 3090 291 3171 gestas
327 3108 453 3150 manere
489 3086 604 3163 vellet,
638 3087 726 3151 illum
764 3090 1013 3173 persequeretur.
1037 3083 1116 3148 hisa

37 3202 41 3213 '
101 3197 184 3262 Laco
207 3199 302 3263 rebus
322 3202 499 3262 commotus
519 3198 635 3263 statuit
654 3201 833 3264 accuratius
853 3199 915 3262 sibi
933 3197 1092 3282 agendum

101 3330 172 3373 cum
192 3309 410 3374 Pharnabazo.
432 3310 507 3374 huic
527 3332 603 3395 ergo
624 3311 809 3376 societatem
828 3309 996 3375 renuntiat
1015 3330 1095 3394 quae

99 3421 169 3504 regi
188 3443 261 3485 cum
280 3421 540 3485 Lacedaemoniis
563 3424 662 3500 esset,
683 3422 747 3486 nisi
763 3421 964 3486 Alcibiadem
983 3421 1092 3486 vivum
1163 3501 1165 3504 Α

100 3535 157 3595 aut
189 3534 351 3597 mortuum
383 3532 444 3596 sibi
474 3533 667 3599 tradidisset.
699 3555 766 3598 non
796 3533 874 3598 tulit
901 3533 962 3598 hoc
985 3536 1087 3598 satra·
1103 3550 1116 3588 a

99 3637 158 3726 pes
190 3647 223 3708 et
253 3636 371 3708 violare
403 3644 606 3709 clementiam
638 3667 734 3729 quam
764 3645 849 3730 regis
882 3667 957 3728 opes
990 3643 1093 3707 minui
