2460 4026
433 165 479 210 iv.
504 164 690 212 rnusrrurs.
717 145 746 208 4.
774 142 804 207 5.
1054 147 1096 211 23

101 341 225 426 fugisse
259 341 295 404 in
328 361 430 416 aram,
463 340 668 423 perturbatus
698 339 788 402 venit
818 359 865 403 eo.
898 360 993 423 quem
1024 362 1097 404 cum

102 453 282 538 supplicem
300 452 352 515 dei
370 452 490 516 videret
508 451 543 515 in
563 473 618 514 ara
638 451 816 529 sedentem,
830 452 972 535 quaerit,
985 466 1097 517 causae

101 565 184 649 quid
215 565 257 628 sit
288 566 355 627 tam
387 563 548 648 repentini
579 562 712 626 consilii.
743 561 819 627 hnic
848 562 919 640 ille,
950 563 1027 646 quid
1058 585 1097 628 ex
1180 642 1182 646 .

104 677 222 741 litteris
266 674 486 759 comperisset,
530 674 641 759 aperit.
688 695 750 757 quo
786 674 888 759 magis
923 674 1125 741 Pausaniaso

104 787 311 872 perturbatus
340 807 429 850 orare
452 785 574 870 coepit,
597 805 639 850 ne
658 785 842 849 enuntiaret
864 807 921 850 neo
945 807 978 849 se
1001 784 1097 849 meri·

105 901 175 964 tum
208 899 247 962 de
280 897 337 962 illo
372 897 492 982 optime
526 896 689 981 proderet:
727 897 841 980 quodsi
870 919 939 961 eam
971 897 1097 962 veniam

106 1009 167 1076 sibi
199 1011 336 1075 dedisset
365 1009 527 1092 tantisque
551 1008 751 1093 implicatum
770 1008 865 1072 rebus
885 1008 1097 1087 sublevasset,

107 1143 228 1207 magno
252 1122 281 1186 ei
304 1121 445 1207 praemio
469 1121 622 1185 futurum.

150 1233 211 1298 His
243 1233 337 1297 rebus
362 1231 474 1316 ephori
499 1231 637 1316 cognitis
661 1232 760 1297 satius
782 1234 939 1315 putarunt
961 1232 996 1295 in
1020 1232 1126 1298 urbes

102 1369 179 1410 eum
210 1345 443 1430 comprehendi.
477 1364 540 1428 quo
569 1366 645 1409 oum
670 1347 776 1408 essent
798 1342 934 1428 profecti
958 1346 992 1408 et
1014 1344 1098 1408 Pau·
1191 1353 1195 1359 '

105 1456 211 1520 sanias
244 1455 370 1540 placato
406 1453 551 1538 Argilio,
582 1457 620 1518 ut
649 1455 801 1538 putabat,
829 1454 1100 1520 Lacedaemonem

104 1569 328 1643 reverteretur,
366 1567 401 1630 in
436 1567 565 1644 itinere,
605 1588 678 1631 cum
713 1567 776 1630 iam
812 1567 846 1631 in
879 1589 915 1631 eo
952 1570 1034 1632 esset
1064 1571 1102 1631 ut

105 1678 445 1762 comprehenderetur,
482 1700 520 1743 ex
554 1678 647 1742 vultu
685 1678 847 1742 cuiusdam
883 1679 1012 1764 ephori,
1044 1678 1101 1763 qui
1192 1664 1195 1669 ¹

100 1812 176 1855 eum
208 1791 377 1854 admonere
406 1790 570 1875 cupiebat,
597 1789 728 1854 insidias
751 1790 813 1854 sibi
837 1789 906 1853 fieri
929 1790 1098 1856 intellexit.

104 1900 213 1986 itaque
243 1901 352 1986 paucis
383 1904 457 1965 ante
488 1901 658 1986 gradibus,
693 1923 789 1984 quam
813 1901 869 1986 qui
892 1923 963 1966 eum
988 1920 1128 1987 seque-2

102 2011 240 2090 bantur,
261 2013 296 2076 in
316 2017 425 2077 aedem
445 2013 623 2091 Minervae,
644 2034 726 2098 quae
739 2011 936 2079 Chalcioicos
949 2017 1101 2094 vocatur,

99 2124 260 2209 confugit.
292 2126 369 2189 hinc
386 2120 440 2189 'ne
463 2125 547 2189 exire
571 2127 695 2209 posset,
720 2125 830 2189 statim
853 2125 966 2209 ephori
990 2126 1099 2191 valvas

107 2237 174 2300 eius
198 2238 283 2302 aedis
301 2239 529 2302 obstruxerunt
549 2240 734 2320 tectumque
757 2240 832 2302 sunt
852 2238 1014 2315 demoliti,
1035 2259 1097 2323 quo

101 2347 235 2413 celerius
265 2350 324 2414 snb
348 2350 421 2414 divo
444 2349 600 2415 interiret,
624 2349 711 2413 fama
730 2352 779 2414 est
802 2371 838 2414 eo
864 2354 1006 2434 tempore
1031 2369 1128 2416 mac

103 2463 185 2524 trem
221 2460 397 2526 Pausaniae
432 2461 548 2526 vixisse
583 2483 715 2546 eamque
750 2461 814 2526 iam
850 2482 968 2546 magno
998 2464 1097 2542 natu,

103 2577 273 2656 postquam
293 2573 331 2637 de
351 2574 467 2638 scelere
486 2572 546 2636 filii
566 2573 738 2657 comperit,
758 2573 793 2636 in
813 2573 925 2657 primis
945 2574 985 2637 ad
996 2573 1099 2638 filium

100 2683 314 2748 claudendum
356 2685 494 2769 lapidem
538 2687 579 2749 ad
617 2684 786 2748 introitum
820 2685 907 2750 aedis
942 2686 1096 2751 attulisse.

98 2797 149 2861 sic
171 2796 347 2862 Pausanias
372 2817 522 2881 magnam
548 2795 625 2860 belli
646 2795 781 2879 gloriam
801 2797 889 2882 turpi
908 2801 1011 2862 morte
1031 2814 1127 2862 mre-4

101 2908 235 2973 culavit.
265 2909 318 2974 hic
350 2931 424 2972 cum
448 2907 643 2972 semianimis
667 2910 705 2971 de
731 2908 849 2992 templo
875 2908 974 2973 elatus
998 2913 1096 2988 esset,

105 3021 275 3085 confestim
303 3020 444 3084 animam
477 3018 605 3083 efflavit.
634 3010 722 3082 cuius
747 3019 867 3083 mortui
891 3041 1004 3104 corpus
1026 3038 1126 3086 cums

102 3132 213 3196 eodem
249 3132 400 3196 nonnulli
434 3130 576 3196 dicerent
613 3129 727 3194 inferri
762 3133 925 3215 oportere,
961 3151 1023 3214 quo
1057 3133 1096 3210 ii,

100 3244 159 3328 qui
182 3245 221 3308 ad
246 3244 439 3329 supplicium
463 3247 569 3308 essent
592 3243 676 3320 dati,
699 3243 863 3327 displicuit
881 3241 1043 3327 pluribus,
1065 3245 1098 3307 et

102 3354 189 3420 haud
214 3355 325 3440 procul
345 3357 384 3419 ab
402 3378 438 3420 eo
456 3354 751 3437 loccinfoderunt,
773 3376 835 3438 quo
857 3356 925 3418 erat
943 3357 1097 3419 mortuus.

103 3466 179 3531 inde
214 3467 371 3550 posterius
407 3468 457 3531 dei
491 3466 640 3551 Delphici
675 3487 827 3551 responso
863 3469 971 3532 erutus
1003 3471 1098 3551 atque
1151 3481 1153 3485 ’

100 3579 213 3644 eodem
235 3579 305 3643 loco
331 3580 473 3664 sepultus
498 3581 567 3655 est,
592 3577 648 3642 ubi
671 3577 771 3641 uitam
795 3582 952 3664 posuerat.
