2460 4026
158 202 200 267 86
429 220 511 266 nvn.
536 221 720 266 ionsrmcs.
745 202 775 266 4.
798 201 829 266 5.

157 398 194 457 ut
228 395 467 458 commiseratus
501 395 542 458 sit
573 392 736 458 fortunam
768 394 935 472 Graeciae,
967 395 1052 478 quod
1082 395 1152 458 tam

157 505 252 569 multi
286 527 306 568 a
337 528 370 570 se
406 505 484 570 victi
520 505 599 569 vitio
638 506 887 570 adversariorum
920 505 1151 570 concidissent:

156 639 295 701 namque
316 617 373 680 illa
396 616 620 694 multitudine,
645 616 670 680 si
694 638 773 680 sana
796 637 885 680 mens
916 618 1015 693 esset,
1051 615 1152 681 Grae·

131 730 225 793 aciae
266 728 457 813 supplicium
496 727 608 792 Persas
642 727 717 791 dare
750 727 902 811 potuisse.
938 728 1041 805 idem,
1077 748 1153 791 curn

158 839 354 904 adversarios
376 839 463 903 intra
480 838 606 902 moenia
625 838 831 922 compulisset
850 843 881 902 et
901 841 938 903 ut
958 837 1153 904 Corinthum

78 1005 81 1009 .
156 954 359 1034 oppugnaret
389 951 482 1016 multi
513 949 737 1029 hortarentur,
769 952 901 1036 negarit
931 951 963 1015 id
988 973 1062 1015 suae
1087 951 1153 1014 vir·

130 1054 221 1125 'rut
250 1063 437 1126 convenire:
469 1082 502 1126 se
532 1062 616 1125 enim
647 1083 720 1124 eum
750 1082 832 1139 esse,
865 1062 920 1146 qui
950 1062 991 1125 ad
1013 1061 1154 1126 officium

156 1176 323 1256 peccantes
354 1174 456 1238 redire
479 1175 624 1256 cogeret,
649 1192 716 1236 non
740 1173 795 1256 qui
820 1172 914 1236 urbes
935 1171 1153 1236 nobilissimas

127 1284 307 1350 eGraeciae
346 1287 554 1368 expugnaret.
593 1294 678 1347 ‘nam
714 1284 751 1347 si'
786 1283 895 1367 inquit
928 1292 992 1348 ‘eos
1030 1283 1154 1347 exstin-

157 1418 253 1479 guere
288 1397 497 1474 voluerimus,
534 1395 589 1479 qui
620 1395 787 1459 nobiscum
817 1398 967 1460 adversus
998 1395 1154 1460 barbaros

156 1510 331 1584 steterunt,
357 1511 482 1571 nosmet
505 1506 567 1591 ipsi
588 1526 646 1570 nos
670 1507 958 1591 expugnaverimus
977 1506 1041 1570 illis
1062 1507 1154 1590 quie-

157 1617 329 1682 scentibus.
365 1639 429 1701 quo
463 1617 549 1683 facto
585 1618 654 1682 sine
688 1618 837 1702 negotio,
869 1640 940 1682 oum
971 1619 1154 1696 voluerint,

156 1752 216 1794 nos
239 1729 442 1820 opprimentf

136 1843 155 1906 6
202 1841 337 1905 Interim
369 1840 485 1905 accidit
515 1840 573 1903 illa
600 1839 764 1904 calamitas
788 1843 874 1925 apud
896 1839 1032 1905 Leuctra
1055 1841 1155 1906 Lace-

157 1940 343 2015 daemoniis.
375 1972 438 2034 quo
469 1972 511 2015 ne
541 1951 810 2035 proficisceretur,
844 1973 916 2016 cum
949 1975 967 2016 a
994 1951 1155 2037 plerisque

158 2065 199 2127 ad
230 2063 408 2126 exeundum
431 2061 665 2147 impelleretur,
691 2066 727 2126 ut
751 2063 778 2126 si
802 2065 841 2127 de
864 2063 951 2128 exitu
975 2064 1152 2144 divinaret,

157 2199 230 2239 usuc
261 2187 305 2239 cst
335 2177 445 2239 aetatis
475 2178 638 2240 vocatione.
671 2174 772 2253 idem,
802 2192 877 2239 'oum
910 2175 1153 2259 Epaminondas

157 2285 305 2370 Spartam
339 2287 544 2377 oppugnaret
577 2287 719 2368 essetque
750 2285 818 2349 sine
850 2286 948 2349 muris
980 2288 1151 2369 oppidum,

65 2380 67 2385 ’
158 2396 255 2460 talem
286 2418 319 2461 se
349 2396 574 2479 imperatorem
605 2395 771 2480 praebuit,
795 2400 832 2460 ut
855 2416 892 2460 eo
915 2399 1060 2480 tempore
1083 2418 1152 2461 om·

158 2508 253 2571 nibus
287 2506 487 2591 apparuerit,
517 2505 580 2569 nisi
609 2506 663 2569 ille
686 2506 816 2586 trisset,
841 2507 990 2592 Spartam
1011 2507 1154 2572 futuram

130 2634 225 2682 anon
255 2618 361 2682 fuisse.
395 2618 430 2681 in
463 2639 526 2702 quo
558 2617 687 2702 quidem
714 2619 896 2685 discrimine
919 2620 1064 2684 celeritas
1088 2620 1154 2685 eius

159 2730 284 2796 consilii
314 2728 410 2794 saluti
440 2729 503 2794 fuit
533 2729 697 2794 universis.
727 2753 802 2795 nam
827 2753 898 2796 cum
922 2733 1052 2816 quidam
1075 2732 1153 2796 ado·

158 2840 344 2919 lescentuli,
375 2839 514 2905 hostium
546 2843 689 2906 adventu
708 2841 895 2926 perterriti,
920 2845 960 2906 ad
984 2841 1156 2908 Thebanos

159 2954 359 3038 transfugere
381 2952 503 3018 vellent
526 2952 687 3017 stlocum
712 2957 801 3018 extra
825 2954 936 3018 urbem
960 2953 1082 3017 editum
1103 2976 1154 3019 ce-

156 3058 298 3152 pissent,
318 3064 506 3148 Agesilaus,
527 3064 583 3149 qui
602 3064 905 3149 perniciosissimum
923 3064 992 3129 fore
1012 3065 1154 3144 videret,

158 3180 185 3242 si
215 3177 471 3242 animadversum
503 3181 602 3253 esset,
634 3197 827 3260 quemquam
851 3178 891 3239 ad
914 3174 1022 3241 hostes
1046 3181 1154 3242 trans·

157 3289 268 3372 fugere
299 3289 427 3373 conari,
459 3309 532 3353 cum
557 3288 621 3353 suis
645 3309 681 3352 eo
705 3287 795 3353 venit
819 3291 933 3372 atque,
957 3293 994 3353 ut
1017 3289 1045 3352 si
1067 3289 1154 3353 bono

158 3398 265 3463 animo
289 3400 457 3478 fecissent,
480 3399 624 3465 laudavit
644 3399 812 3465 consilium
833 3422 963 3479 eorum,
985 3402 1155 3486 quodcum

158 3511 264 3575 locum
286 3514 513 3595 occupassent,
537 3515 570 3575 et
592 3533 625 3576 se
647 3532 773 3597 quoque
796 3511 830 3576 id
853 3511 922 3576 fieri
945 3511 1060 3601 dehere
1085 3512 1156 3576 ani·

125 3621 374 3688 amadvertisse.
422 3623 467 3688 sic
511 3622 728 3689 adolescentes
773 3624 924 3690 simulata
967 3623 1154 3691 laudatione
