2460 4026
147 182 211 247 132
439 202 518 249 xxv,
542 202 680 248 Amroos.
709 182 760 249 10.
788 183 841 248 11.

142 377 296 443 bonitatis
320 377 517 463 exemplum,
541 379 721 462 quodcum
744 399 799 455 eo,
824 400 919 463 quem
943 400 1078 463 puerum
1099 378 1134 443 in

142 490 217 554 ludo
242 493 413 575 cognorat,
438 490 516 553 adeo
540 489 711 554 coniuncte
734 489 815 555 vixit
837 492 875 554 ut
897 489 937 554 ad
958 492 1134 555 extremam

113 604 277 666 aestatem
312 600 453 665 amicitia
476 589 596 666 'eorum
632 600 775 666 creverit.
810 598 973 667 Antonius
1008 603 1133 682 autem,

141 715 201 778 etsi
231 715 323 777 tanto
355 713 428 777 odio
458 711 620 776 ferebatur
641 711 677 774 in
702 709 904 790 Ciceronem,
929 716 967 777 ut
990 735 1058 778 non
1081 735 1132 779 so-

140 826 208 889 lum
240 826 285 902 ei,
319 825 374 889 sed
403 824 497 889 etiam
523 823 672 888 omnibus
694 823 760 888 eius
785 824 894 890 amicis
917 829 1000 890 esset
1021 825 1133 890 inimi-

136 939 197 1002 'ous
231 958 345 1021 eosque
376 936 472 1001 vellet
501 936 715 1020 proscribere,
746 937 854 1001 multis
887 936 1132 1002 dehortantibus

140 1052 248 1112 tamen
282 1048 386 1113 Attici
414 1069 536 1112 memor
558 1048 622 1112 fuit
641 1048 736 1112 officii
759 1051 791 1112 et
815 1048 862 1127 ei,
886 1069 959 1113 cum
981 1049 1131 1133 requisis-

140 1164 204 1238 set,
229 1160 362 1225 ubinam
382 1165 480 1237 esset,
501 1182 557 1224 sua
575 1182 673 1224 manu
693 1158 837 1244 scripsit,
856 1182 899 1225 ne
916 1160 1045 1226 timeret
1064 1162 1130 1226 sta-

139 1273 261 1357 timque
285 1274 326 1336 ad
348 1293 381 1336 se
403 1271 545 1336 veniret:
571 1293 603 1335 se
627 1292 699 1335 eum
723 1272 756 1335 et
777 1271 864 1335 illius
888 1293 984 1336 causa
1006 1271 1130 1338 (lanum

140 1387 178 1449 de
223 1383 474 1468 proscriptorum
517 1405 649 1448 numero
693 1383 853 1448 exemisse.
897 1405 934 1448 ac
967 1406 1009 1448 ne
1044 1388 1130 1469 quod

139 1489 326 1580 periculum
350 1494 522 1572 incideret,
561 1494 646 1579 quod
676 1496 774 1559 noctu
797 1494 913 1573 fiebat,
936 1495 1130 1580 praesidium

112 1606 167 1671 oei
202 1606 300 1671 misit.
335 1606 380 1670 sic
410 1604 538 1671 Atticus
569 1606 604 1670 in
638 1627 760 1671 summo
792 1606 906 1671 timore
937 1628 1003 1672 non
1027 1609 1130 1673 solum

139 1718 217 1803 sibi,
245 1718 299 1783 sed
323 1718 419 1782 etiam
443 1718 490 1795 ei,
515 1729 609 1803 quem
632 1719 828 1783 carissimum
851 1717 1011 1796 habebat,
1036 1742 1129 1806 prae·

138 1831 218 1895 sidio
245 1829 324 1907 fuit,
350 1851 453 1914 neque
477 1830 562 1894 enim
586 1853 661 1895 suae
685 1829 787 1895 solum
811 1853 830 1894 a
853 1852 1014 1916 quoquam
1037 1832 1129 1897 auxi·

138 1941 217 2004 lium
253 1941 349 2025 petiit
378 1942 504 2019 Salutio,
537 1945 575 2006 ut
606 1944 774 2026 appareret
797 1942 921 2007 nullam
952 1943 1130 2009 seiunctam

111 2051 200 2116 osibi
235 2051 276 2116 ab
310 2071 346 2116 eo
379 2052 461 2116 velle
483 2051 657 2118 fortunam.
683 2053 796 2136 quodsi
819 2055 1016 2138 gubernator
1037 2077 1130 2140 pree-

138 2165 231 2249 cipua
265 2165 359 2230 laude
392 2164 511 2245 fertur,
543 2165 599 2251 qui
633 2187 747 2231 navem
784 2188 823 2230 ex
857 2167 961 2232 hieme
987 2168 1131 2254 marique

138 2277 305 2363 scopuloso
329 2280 452 2356 servat,
477 2299 533 2342 cur
555 2299 623 2342 non
647 2278 818 2364 singularis
843 2280 911 2345 eius
934 2280 1131 2346 existimetur

138 2390 328 2473 prudentia,
362 2384 419 2473 qui
450 2411 489 2454 ex
511 2391 562 2453 tot
585 2392 715 2475 tamque
739 2391 890 2475 gravibus
913 2390 1060 2476 procellis
1085 2391 1131 2457 ci-

138 2500 254 2564 vilibus
278 2500 319 2564 ad
343 2500 597 2565 incolumitatem
621 2501 790 2585 pervenit?

95 2611 134 2676 11
183 2611 304 2688 Quibus
339 2634 378 2676 ex
412 2612 504 2676 malis
538 2615 576 2676 ut
606 2635 640 2677 se
668 2614 814 2693 emersit,
846 2614 928 2679 nihil
951 2613 1039 2680 aliud
1063 2616 1130 2700 egit

136 2746 232 2809 quam
264 2726 302 2788 ut
329 2745 425 2808 quam
458 2724 619 2809 plurimis,
643 2726 759 2810 quibus
781 2726 876 2792 rebus
898 2731 1023 2812 posset,
1048 2731 1131 2793 esset

138 2834 267 2899 auxilio.
305 2857 377 2900 cum
411 2836 606 2921 proscriptor
631 2837 779 2921 praemiis
803 2839 1033 2924 imperatorum
1055 2840 1128 2905 vul-

136 2968 196 3031 gus
221 2947 436 3032 conquireret,
462 2970 557 3013 nemo
580 2949 616 3013 in
639 2950 775 3035 Epirum
794 2951 899 3035 venit,
922 2951 973 3016 cui
992 2972 1042 3016 res
1062 2950 1130 3017 ulla

137 3057 289 3124 defuerit:
322 3059 445 3125 nemini
476 3082 543 3125 non
566 3061 611 3124 ibi
634 3065 788 3146 perpetuo
812 3061 964 3127 manendi
986 3065 1130 3146 potestas

108 3169 220 3236 2facta
251 3175 316 3236 est:
349 3171 428 3257 quin
451 3173 548 3237 etiam
572 3177 646 3257 post
668 3173 825 3258 proelium
847 3175 1054 3260 Philippense
1075 3175 1129 3240 in-

136 3284 330 3368 teritumque
365 3280 400 3348 0.
438 3280 539 3349 Cassii
569 3286 602 3349 et
625 3285 670 3351 M.
694 3284 788 3351 Bruti
811 3285 847 3352 L.
871 3287 991 3352 Iulium
1013 3287 1128 3354 Mocil-

135 3392 200 3457 lam
231 3395 426 3478 praetorium
451 3398 485 3461 et
507 3395 609 3461 filium
634 3397 708 3462 eius>
724 3397 906 3484 Aulumque
930 3400 1128 3486 Torquatum

137 3510 320 3590 ceterosque
354 3509 426 3594 pari
460 3508 591 3574 fortuna
618 3511 779 3594 perculsos
809 3512 950 3579 instituit
971 3515 1055 3579 tueri
1078 3519 1129 3581 at

136 3639 197 3702 quc
232 3639 271 3684 ex
304 3618 404 3706 Epiro
438 3620 478 3687 iis
514 3622 622 3687 omnia
656 3620 910 3691 Samothraciam
944 3629 1130 3712 supportari
