2460 4026
412 1155 837 1307 PRAEFATIO}

180 1711 270 1775 Quum
297 1709 432 1768 Gonumu
459 1709 581 1767 Nsrcrrs
605 1715 715 1765 textum
741 1711 770 1765 in
797 1727 878 1765 usum
897 1709 1052 1766 scholarum
1071 1727 1134 1766 con-

117 1838 235 1893 stituere
263 1837 293 1891 in
322 1837 447 1891 animum
482 1835 664 1905 induxissem,
699 1835 778 1890 facile
806 1836 941 1906 intellexi,
977 1837 1000 1891 si
1036 1854 1135 1910 operae

51 2015 52 2018 ,
98 1959 239 2033 ·’ριόῖίυη]
265 1960 355 2015 facere
380 1960 492 2029 vellem,
518 1975 573 2014 non
603 1977 661 2015 esse
685 1958 752 2013 mihi
779 1958 881 2031 ubique
907 1959 988 2013 anxie
1013 1958 1134 2030 apicibus

116 2081 277 2138 litterarum
305 2077 587 2153 adhaerescendum(
606 2084 654 2138 sed
681 2084 710 2138 in
738 2084 860 2155 pessimis
889 2084 1021 2139 librorum
1051 2084 1134 2156 scrip-

117 2207 189 2262 turis
216 2208 382 2263 sumendum
413 2225 471 2262 esse
503 2207 571 2261 mihi
603 2207 705 2279 aliquid
732 2212 761 2261 et
789 2207 976 2279 reponendum
1004 2208 1077 2279 quod
1105 2213 1135 2263 et

117 2331 250 2386 Latinum
274 2336 346 2388 esset
364 2337 393 2387 et
412 2331 448 2387 ab
467 2331 606 2402 ingenioso
626 2331 724 2386 iuvene
743 2330 823 2402 plane
841 2330 958 2400 intelligi
977 2333 1076 2401 posset.
1163 2324 1166 2329 ’

175 2454 273 2526 Recepi
301 2456 453 2527 complures
479 2455 565 2510 bonas
590 2454 759 2510 coniecturas
778 2471 796 2508 a
815 2447 1001 2509 Pnumansm'
1014 2453 1134 2525 primum

116 2583 240 2650 repertas
269 2583 298 2633 et
324 2583 386 2651 post
411 2579 469 2634 eius
493 2583 612 2634 mortem
639 2596 656 2633 a
681 2596 726 2633 me
750 2579 780 2633 in
798 2579 976 2634 Muanosxuu
995 2579 1025 2632 in
1043 2579 1132 2653 lucem

115 2703 212 2759 editas.
251 2703 357 2758 Admisi
382 2708 412 2758 et
438 2704 506 2758 alias
532 2702 601 2757 bene
626 2704 729 2758 multas
755 2721 773 2758 a
802 2704 915 2759 anouo
941 2703 1052 2758 Hntmo
1083 2707 1134 2757 aut

115 2829 289 2900 excogitatas
316 2834 367 2884 aut
393 2829 422 2882 in
451 2829 576 2883 Editione
604 2829 736 2900 Lipsiensi
760 2828 834 2900 apud
859 2828 1035 2883 Teubnerum
1061 2845 1133 2883 anno

115 2953 187 3009 4871
209 2956 446 3009 commemoratas.

172 3076 249 3141 Quae
267 3094 285 3132 a
304 3094 349 3132 me
368 3077 425 3149 ipso
444 3080 556 3132 tentata
575 3082 641 3132 sunt
657 3093 752 3133 eorum
769 3078 876 3149 potiora
892 3076 985 3149 paucis
1001 3076 1133 3133 indicab0.

173 3201 263 3258 Praef.
292 3200 360 3275 §lm
386 3218 510 3257 sororem
537 3200 727 3275 [germanam]
756 3204 859 3257 habere
883 3203 916 3256 in
941 3200 1133 3256 matrimonio.

171 3329 214 3384 his
233 3328 339 3384 uncinis
358 3330 547 3401 expaapendu
566 3328 676 3384 notabo.

172 3455 193 3510 1.
212 3454 239 3510 l.
260 3454 293 3510 5:
314 3455 399 3527 idque
418 3453 475 3528 (ut)
495 3454 608 3509 Lemnii
625 3472 679 3510 suu
697 3460 793 3526 sponte
811 3415 946 3523 facerent.

172 3576 215 3633 his
233 3577 359 3632 cancellis
378 3579 538 3651 supplenda
558 3577 689 3634 indicabo.
