2460 4026
160 209 202 273 50
498 231 530 272 u.
555 228 641 273 mori.
669 209 766 273 5-7.

131 418 261 465 teroem
286 406 317 466 et
340 401 479 466 insulam
504 402 689 466 adiunctam
712 403 846 486 oppido,
874 426 1061 489 coquerem
1082 430 1157 491 per-

158 514 266 591 duxit,
297 518 333 577 ut
364 513 482 576 talibus
506 513 709 596 pactionibus
731 535 843 598 pacem
866 518 1024 599 tyrannus
1049 517 1157 584 facere

158 614 444 731 velletzjssiciliam
475 623 561 688 Dion
591 625 769 703 obtineret,
800 625 927 691 Italiam
960 627 1154 716 Dionysius,

157 738 328 821 Syracusas
341 734 571 819 Apollocrates,
584 736 636 800 cui
650 737 822 800 maximam
835 737 926 802 fidem
936 740 994 802 uni
1002 739 1156 806 habebat.

125 851 144 913 6
200 847 269 912 Has
301 850 365 911 tam
398 869 564 931 prosperas
595 852 724 931 tamque
755 849 937 933 inopinatas
966 871 1015 913 res
1040 872 1155 916 conse-

155 961 229 1024 cuta
256 963 303 1022 est
332 959 438 1023 subita
471 959 696 1035 commutatiO,
727 959 813 1042 quod
844 960 972 1025 fortuna
1001 983 1059 1025 sua
1083 984 1154 1027 mo-

155 1070 299 1153 bilitate,
326 1092 419 1154 quem
452 1071 548 1154 paulo
581 1074 657 1134 ante
691 1072 865 1145 extulerat,
899 1071 1081 1156 demergere
1106 1076 1155 1138 est

124 1183 275 1247 redorta.
299 1182 438 1266 primum
461 1180 497 1244 in
520 1181 605 1258 filio,
626 1182 748 1265 dequo
770 1162 1014 1247 commembravi
1036 1206 1153 1267 supra,

152 1315 241 1358 suam
282 1294 346 1357 vim
383 1293 532 1357 exseruit.
568 1315 644 1356 nam
680 1316 753 1359 cum
789 1316 918 1358 uxorem
955 1297 1153 1373 reduxisset,
1205 1370 1209 1375 .

151 1426 231 1488 quae
263 1404 317 1467 alii
341 1403 445 1472 luerat
468 1405 606 1481 tradita,
632 1405 797 1490 filiumque
821 1407 917 1471 vellet
938 1427 1086 1472 revocare
1110 1411 1150 1473 ad

149 1516 301 1579 virtutem
344 1537 363 1578 a
404 1517 528 1601 perdita
571 1516 716 1594 luxuria,
762 1519 884 1603 accepit
924 1519 1151 1601 gravissimum

123 1628 265 1692 svulnus
300 1631 403 1692 morte
436 1606 656 1727 filiildeinde
692 1634 763 1694 orta
798 1614 949 1694 dissensio
984 1633 1033 1694 est
1064 1631 1151 1695 inter

150 1762 222 1804 eum
257 1743 288 1803 et
318 1738 539 1817 Heraclidem,
571 1740 643 1824 qui,
675 1741 759 1824 quod
786 1741 815 1804 ei
838 1741 1055 1825 principatum
1080 1763 1148 1807 non

149 1851 358 1924 concedebat,
397 1851 570 1914 factionem
606 1853 813 1935 comparavit.
846 1874 950 1936 neque
980 1854 1009 1918 is
1040 1854 1148 1920 minus

148 1961 278 2025 valebat
311 1963 396 2045 apud
429 1961 616 2045 optimates,
648 1983 783 2045 quorum
814 1985 970 2029 consensu
1001 1968 1148 2047 praeerat

117 2068 259 2163 dplassi,
293 2095 364 2137 cum
393 2072 479 2137 Dion
511 2073 685 2137 exercitum
718 2074 895 2157 pedestrem
919 2077 1054 2141 teneret.
1078 2097 1147 2141 nou

133 2180 222 2248 ¹tulit
251 2184 311 2248 hoc
341 2184 449 2249 animo
481 2205 582 2268 aequo
613 2183 717 2261 Dion,
750 2188 783 2248 et
810 2208 935 2250 versum
959 2186 1052 2250 illum
1075 2186 1145 2252 Ho-

148 2296 227 2359 meri
262 2297 388 2361 rettulit
422 2319 461 2362 ex
496 2297 635 2361 secunda
670 2296 860 2381 rhapsodia‚
895 2298 930 2361 in
965 2319 1029 2382 quo
1065 2298 1145 2363 haec

147 2409 306 2473 sententia
345 2412 409 2473 est:
445 2429 513 2472 non
545 2430 636 2493 posse
667 2409 748 2474 bene
781 2409 848 2494 geri
881 2431 949 2473 rem
980 2409 1144 2492 publicam

147 2519 321 2584 multorum
344 2519 495 2604 imperiis.
520 2522 606 2602 quod
630 2519 750 2583 dictum
775 2540 894 2604 magna
916 2520 1040 2584 invidia
1063 2541 1143 2585 oon-

147 2633 254 2693 secuta
289 2633 354 2694 est:
391 2652 530 2714 namque
566 2629 726 2714 aperuisse
761 2631 929 2695 ridebatur
963 2631 1072 2697 omnia
1107 2632 1143 2696 in

112 2740 202 2841 §sua
225 2743 384 2824 potestate
409 2763 474 2806 esse
499 2763 531 2806 se
554 2741 646 2843 vellet
669 2741 752 2839 hanc
769 2743 824 2806 ille
843 2763 911 2807 non
929 2742 1031 2808 lenire
1048 2744 1142 2810 obse·

144 2850 237 2935 quio,
272 2854 325 2916 sed
359 2852 531 2917 acerbitate
556 2853 734 2937 opprimere
757 2854 897 2931 studuit,
922 2853 1140 2920 Heraclidem·

144 2985 224 3048 que,
254 2985 327 3028 oum
351 2961 521 3046 Syracusas
546 2963 702 3041 venisset,
727 2962 983 3029 interficiendum
1008 2967 1141 3030 curavit.

19 3140 27 3151 Α
47 3108 54 3125 -’
117 3075 134 3137 7
189 3073 281 3149 Quod
311 3073 432 3138 factum
463 3074 612 3138 omnibus
641 3073 817 3138 maximum
841 3075 988 3141 timorem
1010 3077 1139 3143 iniecit:

144 3209 238 3251 nemo
274 3187 361 3252 enim
395 3185 451 3249 illo
487 3184 657 3250 interfecto
693 3208 727 3250 se
765 3189 871 3250 tutum
906 3189 1051 3273 putabat.
1085 3190 1141 3254 ille

143 3301 250 3362 autem
274 3297 454 3364 adversario
478 3304 601 3362 remoto
625 3297 774 3362 licentius
798 3319 907 3363 eorum
930 3299 1035 3378 bona,
1060 3322 1139 3386 quos

143 3407 262 3474 sciebat
305 3411 454 3476 adversus
498 3430 530 3473 se
567 3410 720 3487 sensisse,
755 3410 912 3475 militibus
947 3406 1160 3497 dispertivit?

114 3520 258 3606 aquibus
281 3521 390 3586 divisis
410 3544 482 3586 cum
503 3502 683 3606 quotidiani
702 3522 835 3586 maximi
858 3523 973 3586 fierent
993 3526 1137 3607 sumtus,

142 3632 285 3698 celeriter
312 3634 450 3717 pecunie
482 3633 589 3699 deesse
619 3634 741 3718 coepit,
774 3656 893 3718 neque,
926 3655 990 3717 quo
1021 3657 1136 3701 manus
