2460 4026
108 216 149 280 72
386 235 441 278 xv.
466 233 702 299 nramucums,
728 217 759 278 3.
785 217 816 279 4.

108 411 265 492 pertatem
296 409 374 498 adeo
405 407 499 471 facile
522 429 687 492 perpessus
712 413 768 486 est,
790 412 828 471 ut
851 412 889 473 de
911 430 946 473 re
969 409 1102 493 publica

108 518 191 582 nihil
222 520 348 602 praeter
370 517 505 601 gloriam
529 519 655 603 ceperit.
667 520 852 584 ‘amicornm
872 521 908 585 in
928 543 960 585 sc
979 523 1102 585 tuendo

109 629 213 694 caruit
246 610 470 713 facultatibus,
506 630 569 694 fide
599 631 639 693 ad
667 564 746 695 ilios
770 631 982 696 sublevandos
1007 654 1102 716 saepe

109 742 154 807 sic
189 762 265 803 usus
285 743 349 818 est,
375 746 411 805 ut
433 740 566 806 iudicari
587 743 688 827 possit
709 743 817 807 omnia
841 743 870 807 ei
894 765 966 808 cum
990 743 1104 807 amicis

81 854 206 946 tufuisse
241 852 432 916 communia.
465 874 540 916 nam
572 875 644 918 eum
668 857 725 917 aut
745 854 861 918 civium
885 875 1015 927 suorum
1040 854 1101 917 ali-

110 963 182 1047 quis
206 963 246 1026 ab
271 964 416 1028 hostibus
439 967 521 1028 esset
538 969 668 1048 captus,
692 970 749 1030 aut
768 966 859 1050 virgo
873 964 967 1029 amici
981 965 1103 1028 nubilis

108 1076 239 1158 propter
270 1078 491 1161 paupertatem
515 1077 664 1140 collocari
688 1080 754 1141 fron
777 1080 901 1162 posset,
926 1076 1103 1140 amicorum

109 1185 278 1250 concilium
313 1186 537 1275 habebatflet,
571 1190 728 1271 quantum
752 1189 884 1272 quisque
908 1189 1018 1265 daret,
1042 1209 1104 1271 pro

78 1296 319 1362 tfacultatibus
352 1298 539 1382 imperabat,
576 1321 708 1385 eamque
739 1323 895 1365 summam
926 1321 998 1364 cum
1023 1321 1103 1364 con-

107 1409 243 1486 fecerat,
280 1409 465 1493 priusquam
501 1406 658 1494 acciperet
695 1411 879 1495 pecuniam,
921 1411 1102 1476 adducebat

98 1529 200 1598 eum,
227 1521 279 1605 qui
305 1521 494 1605 quaerebat,
527 1523 567 1586 ad
592 1544 662 1607 eos,
687 1523 744 1608 qui
766 1522 984 1600 conterebant,
1009 1523 1104 1606 eique

110 1638 147 1698 ut
181 1634 239 1717 ipsi
278 1636 485 1697 numerarent
493 1657 515 1711 ,r
536 1634 692 1713 faciebat,
724 1639 761 1698 ut
783 1635 854 1711 ille,
880 1635 919 1698 ad
944 1655 1040 1718 quem
1065 1657 1103 1698 ea

18 1814 35 1846 a
70 1810 81 1837 ι,
110 1768 159 1810 res
187 1745 386 1831 pertinebat,
410 1728 506 1809 sciret
528 1749 685 1829 quantum
708 1746 821 1831 cuique
844 1748 982 1814 deberet.

51 1850 109 1931 ,15⁹4
155 1857 293 1921 Tentata
326 1859 432 1920 autem
456 1857 523 1921 eius
558 1862 606 1922 est
628 1857 824 1923 abstinentia
848 1881 867 1922 a
889 1856 1105 1923 Diomedonte

33 1940 53 2039 s!
112 1966 283 2059 Cyziceno:
306 1989 443 2050 namque
469 1969 497 2031 is
531 1972 646 2051 rogatu
679 1941 865 2034 Artaxbrxis
900 1971 983 2054 regis
1014 1969 1104 2054 Epa·

26 2128 34 2136 .
112 2080 299 2144 minondam
346 2079 481 2163 pecunia
520 2080 788 2166 corrumpendum
824 2084 1013 2166 susceperat.
1050 2081 1106 2145 hic

1 2231 4 2250 ι
113 2212 231 2276 magno
255 2213 327 2256 cum
351 2193 492 2276 pondere
515 2191 585 2255 auri
608 2186 734 2256 Thebas
757 2192 847 2258 venit
870 2197 902 2257 et
922 2192 1104 2276 Micythum

112 2304 401 2381 adolescentulum,
415 2326 509 2388 quern
522 2315 591 2367 turn
599 2302 840 2388 Epaminondas
847 2304 1022 2388 plurimum
1031 2303 1108 2368 dili-

112 2416 226 2501 gebat,
263 2414 405 2499 quinque
440 2415 571 2478 talentis
603 2416 644 2478 ad
667 2437 755 2479 suam
779 2415 931 2499 perduxit
953 2415 1107 2479 volunta-

112 2530 188 2590 tem.
208 2484 395 2610 bMicythus
430 2526 688 2609 Epaminondam
724 2527 874 2592 convenit
909 2530 942 2590 et
976 2547 1105 2591 causam

82 2641 271 2704 aedrentus
305 2637 528 2702 Diomedontis
563 2638 713 2701 ostendit.
751 2642 784 2702 at
814 2637 867 2702 iile
889 2637 1105 2702 Diomedonte

38 2726 44 2735 .
113 2770 219 2815 eoram
256 2748 358 2812 ‘nihil'
394 2749 501 2832 inquit
526 2758 616 2831 ‘opus
640 2749 774 2832 pecunia
810 2752 874 2820 est:
900 2771 976 2812 nam
1000 2749 1027 2812 si
1049 2771 1106 2814 rex

112 2883 149 2926 ea
191 2861 278 2939 vult,
323 2883 403 2944 quae
438 2860 599 2924 Thebanis
636 2865 712 2925 sunt
743 2860 846 2938 utilia,
878 2861 979 2945 gratis
1001 2860 1108 2925 facere

114 2996 183 3038 sum
208 2975 355 3057 paratus,
389 2973 439 3037 sin
475 2975 582 3037 autem
606 2973 784 3057 contraria,
808 2993 874 3035 non
908 2972 1006 3035 habet
1035 2974 1108 3036 auri

114 3089 209 3170 atque
244 3085 370 3170 argenti
394 3085 480 3149 satis.
498 3120 504 3175 Ι
522 3107 661 3170 namque
685 3085 770 3149 orbis
793 3088 949 3147 terrarum
975 3082 1105 3146 divitias

86 3198 256 3281 acccipere
291 3198 365 3262 nolo
400 3219 477 3282 prae
499 3197 624 3282 patriae
648 3197 788 3260 caritate.
813 3200 848 3260 tn
872 3195 957 3280 quod
982 3216 1032 3258 me
1055 3196 1107 3258 in-

116 3308 283 3391 cognitum
319 3309 454 3374 tentasti
486 3309 596 3392 tuique
632 3307 767 3372 similem
800 3307 1006 3383 existimasti,
1040 3328 1107 3370 non

116 3418 214 3482 miror
238 3419 360 3503 tibique
383 3421 533 3505 ignosco;
555 3420 609 3483 sed
627 3419 776 3503 egredere
795 3439 944 3503 propere,
967 3440 1007 3482 ne
1026 3418 1107 3482 alios

84 3526 87 3531 ’
116 3551 314 3614 corrumpere,
351 3553 421 3596 cum
458 3552 508 3594 me
545 3551 610 3593 non
638 3531 789 3614 potueris.
823 3534 855 3594 et
886 3531 931 3606 tu,
955 3527 1106 3611 Micythe,

117 3645 285 3725 argentum
321 3642 395 3705 huic
428 3641 532 3725 redde,
566 3645 632 3718 aut,
665 3641 728 3706 nisi
758 3642 791 3705 id
817 3638 985 3705 confestim
1008 3638 1107 3718 facis,
1163 3696 1167 3701 ,
