2460 4026
149 192 191 256 68
430 207 500 251 xiv.
523 206 676 250 narinus.
703 188 733 250 9.
760 184 812 250 10.

52 400 55 405 ’
147 383 290 467 ceperat,
332 383 503 466 postquam
544 380 628 444 bello
669 401 740 444 eum
775 366 914 463 opprimi
949 401 1016 444 non
1049 402 1141 465 posse

147 494 390 572 animadvertit,
425 493 550 557 insidiis
584 491 764 556 interficere
799 492 937 555 studuit:
977 513 1056 576 quas
1088 493 1142 557 ille

119 609 312 692 splerasque
353 605 495 670 evitavit.
531 605 631 681 siout,
667 626 741 668 cum
775 604 804 666 ei
838 605 1025 668 nuntiatum
1061 607 1144 670 esset

146 721 301 803 quosdam
333 716 394 781 sibi
423 713 584 793 insidiari,
616 716 672 799 qui
703 714 739 778 in
765 713 940 778 amicorum
964 718 1057 779 erant
1080 738 1142 780 nn·

146 851 251 894 mero:
287 831 326 892 de
360 829 496 912 quibus,
530 828 616 913 quod
650 827 773 891 inimici
807 827 1003 913 detulerant,
1038 851 1144 914 nequo

146 940 338 1006 credendum
372 962 475 1024 neque
506 938 736 1023 negligendum
767 939 885 1022 putans
916 939 1055 1023 experiri
1084 962 1143 1006 vo-

119 1052 223 1130 sluit‚
254 1074 363 1118 verum
394 1050 553 1116 falsumne
583 1050 645 1117 sibi
676 1051 758 1115 esset
788 1049 935 1114 relatum.
967 1051 1078 1135 itaque
1105 1073 1142 1116 eo

145 1164 307 1248 profectus
337 1166 403 1241 est,
436 1163 471 1226 in
503 1183 566 1246 quo
596 1162 710 1226 itinere
740 1160 864 1225 futuras
895 1161 1028 1226 insidias
1052 1163 1144 1227 dire-¹

145 1277 227 1340 rant.
265 1275 319 1339 sed
349 1275 446 1359 elegit
475 1295 607 1358 corpore
639 1296 676 1338 ao
707 1274 831 1337 statura
861 1273 1062 1338 simillimum
1093 1277 1143 1340 sui

146 1387 237 1470 eique
267 1387 419 1451 vestitum
450 1409 541 1450 suum
573 1385 660 1449 dedit
689 1387 784 1469 atque
818 1407 855 1450 eo
886 1385 956 1449 loco
986 1386 1051 1464 ire,
1076 1408 1141 1470 quo

144 1497 213 1581 ipse
252 1501 438 1575 consuerat,
473 1496 581 1563 iussit:
616 1497 684 1581 ipse
716 1501 824 1592 autem
859 1499 976 1562 ornatu
1008 1498 1143 1563 militari

117 1611 230 1673 ainter
264 1611 404 1694 corporis
438 1612 583 1675 custodes
616 1609 678 1673 iter
711 1609 814 1673 facere
849 1610 962 1693 coepit.
995 1611 1031 1672 at
1060 1610 1142 1674 insi-

57 1762 58 1767 1
146 1723 301 1799 dictores,
332 1725 502 1807 postquam
533 1722 569 1786 in
600 1743 673 1786 eum
703 1721 810 1785 locum
836 1742 951 1805 agmen
973 1723 1140 1805 pervenit,

145 1835 269 1918 decepti
301 1833 413 1897 ordine
447 1837 543 1917 atque
576 1833 693 1897 vestitu
727 1833 883 1917 impetum
916 1833 951 1896 in
985 1854 1058 1897 eum
1090 1832 1142 1897 f-

146 1946 252 2029 ciunt,
298 1944 353 2028 qui
387 1944 570 2027 suppositus
604 1944 680 2007 erat.
723 1943 924 2026 praedixerat
959 1946 1067 2007 autem
1101 1944 1143 2008 iis

143 2056 311 2134 Datames,
347 2076 420 2119 oum
443 2054 557 2139 quibus
580 2055 640 2147 iter
664 2055 818 2139 seniebat,
843 2058 881 2119 ut
904 2055 1010 2140 parati
1025 2059 1144 2127 essent

117 2166 263 2246 efacere,
296 2167 382 2251 quod
412 2167 518 2252 ipsum
549 2166 713 2233 vidissent.
742 2166 827 2250 ipse,
853 2168 890 2230 ut
914 2170 1154 2232 concurrentes⁴

141 2279 343 2344 insidiatores
377 2280 521 2344 animum
553 2280 708 2358 advertit,
739 2280 805 2343 tela
827 2279 874 2371 in
906 2299 958 2342 eos
992 2277 1141 2342 coniecit.

142 2390 204 2457 hoc
234 2392 320 2455 idem
351 2413 424 2455 cum
453 2391 595 2455 universi
625 2370 792 2468 fecissent,
816 2391 1002 2475 priusquam
1025 2411 1141 2474 perve-

141 2503 314 2569 nirent'ad
337 2524 427 2579 eum,
449 2496 544 2585 quem¹
567 2503 701 2586 aggredi
723 2502 892 2580 volebant,
918 2502 1036 2566 confixi
1058 2523 1140 2567 con-

141 2616 297 2680 ciderunt.

98 2727 139 2791 10
186 2715 250 2791 Hic
277 2729 385 2788 tamen
405 2727 473 2789 tam
496 2724 630 2788 callidus
653 2725 702 2789 vir
726 2729 867 2790 extremo
892 2727 1036 2809 tempore
1060 2747 1139 2810 eap-

141 2840 193 2901 tus
225 2839 274 2901 est
302 2835 519 2919 Mithridatis,
549 2835 777 2901 Ariobarzanis
807 2837 884 2915 filii,
920 2837 1006 2904 dolo.
1041 2858 1138 2901 nam-

141 2970 202 3034 que
231 2948 259 3013 is
290 2947 452 3032 pollicitus
475 2951 524 3013 est
552 2949 621 3032 regi
651 2971 684 3013 se
715 2972 787 3014 eum
816 2948 1076 3027 interfecturum,
1109 2950 1137 3013 si

141 3061 170 3124 ei
193 3081 249 3124 rex
268 3060 484 3144 permitteret,
500 3063 538 3125 ut
561 3061 783 3146 quodcumque
801 3061 914 3143 vellet,
939 3062 1049 3126 liceret
1073 3060 1137 3125 im-

141 3195 228 3256 pune
251 3172 370 3251 facere,
391 3172 550 3258 fidemque
569 3173 607 3236 de
627 3193 664 3235 ea
682 3194 717 3236 ra
737 3194 825 3237 moro
843 3173 1012 3238 Persarum
1025 3174 1138 3238 dextra

113 3283 288 3348 adedisset.
331 3284 416 3348 hane
456 3285 494 3347 ut
528 3283 649 3366 accepit
684 3304 703 3346 a
736 3304 811 3369 rege
839 3285 992 3364 missam,
1029 3286 1137 3370 copias
1168 3267 1176 3275 ’

142 3397 235 3478 parat
266 3398 298 3459 et
326 3396 442 3460 absens
473 3394 645 3459 amicitiam
675 3416 746 3458 cum
770 3394 908 3461 Datame
930 3396 1026 3475 facit,
1050 3398 1136 3482 regis

139 3505 319 3591 provincias
348 3510 461 3585 vexat,
486 3504 616 3570 castella
635 3511 817 3592 expugnat,
843 3530 977 3592 magnas
1001 3509 1136 3592 praedas

140 3617 244 3702 capit,
269 3640 404 3701 quarum
416 3617 622 3704 partimsuis
641 3617 806 3702 dispertit,
830 3620 949 3704 partim
971 3622 1013 3684 ad
1032 3619 1134 3686 Data·
