2460 4026
139 171 183 234 46
510 189 541 230 x.
565 186 653 231 oron.
681 168 710 229 1.

109 362 290 447 squamdiu
313 362 386 428 fuit.
409 361 486 424 inde
509 360 661 423 nonnulli
680 359 810 423 eumad
829 380 937 444 regem
956 359 1129 423 abductum

80 494 83 501 ’
140 473 248 557 ibique
270 473 387 558 perisse
413 471 566 555 seriptum
589 471 797 555 reliquerunt.
823 473 938 536 contra
960 492 998 534 ea
1020 469 1133 534 Dinon

139 585 325 660 historicus,
357 584 410 648 cui
440 605 498 648 nos
528 583 702 668 plurimum
726 586 764 647 de
787 582 922 647 Persicis
944 582 1040 645 rebus
1064 603 1132 645 ore-

141 697 260 784 dimus,
293 695 439 780 effugisse
462 695 607 780 scripsit:
631 694 710 758 illud
733 695 920 771 addubitat,
945 695 1054 756 utrum
1076 692 1132 756 ri-

140 808 247 871 ribazo
271 808 389 872 sciente
413 830 454 872 an
478 808 680 891 imprudente
701 807 744 871 sit
766 807 897 871 factum.

511 1161 557 1232 X.
584 1159 715 1233 DION.

106 1296 153 1413 *Imp
187 1320 290 1418 Dion,
326 1340 499 1425 Hipparini
534 1340 636 1417 filius,
673 1339 909 1423 Syracusanus,
944 1338 1046 1402 nobili
1078 1358 1133 1423 ge·

126 1428 218 1518 incre
248 1458 360 1529 natus,
393 1457 526 1536 utraque
557 1452 739 1536 implicatus
768 1452 939 1536 tyrannide
962 1451 1133 1536 Dionysio·

108 1550 125 1621 r
142 1586 223 1628 rum.
259 1585 397 1647 namque
431 1563 485 1628 ille
519 1563 661 1647 superior
695 1561 959 1640 Aristomachen,
996 1585 1133 1628 sororem

141 1675 273 1761 Dionis,
304 1675 419 1739 hahuit
449 1675 484 1739 in
506 1675 738 1752 matrimonio,
771 1697 809 1738 ex
839 1697 902 1758 qua
930 1675 1010 1739 duos
1033 1675 1133 1750 filios,

144 1788 362 1873 Hipparinum
384 1791 416 1850 et
436 1785 606 1862 Nisaeum,
626 1786 807 1869 procreavit
826 1786 1022 1869 totidemque
1036 1787 1133 1863 filias,

30 1939 33 1944 -
145 1899 274 1963 nomine
318 1897 544 1981 Sophrosynen
586 1900 619 1960 et
653 1897 791 1975 Areten,
827 1920 962 1981 quarum
998 1901 1134 1983 priorem

142 2009 296 2093 Dionysio
324 2008 410 2086 filio,
442 2008 560 2084 eidem,
592 2009 642 2072 oui
664 2028 799 2092 regnum
824 2008 971 2093 reliquit,
996 2014 1133 2095 nuptum

113 2123 246 2199 adedit,
279 2121 430 2197 alteram,
462 2120 600 2199 Areten,
630 2120 738 2185 Dioni.
771 2119 855 2184 Dion
881 2125 986 2184 autem
1010 2125 1136 2205 praeter

141 2234 281 2299 nobilem
315 2233 586 2316 propinquitatem
618 2254 868 2318 generosamque
895 2232 1052 2297 maiorum
1084 2234 1134 2299 fa-

141 2368 225 2411 mam
250 2345 352 2408 multa
376 2345 438 2408 alia
464 2346 503 2409 ab
529 2348 645 2409 natura
663 2345 776 2409 habuit
796 2322 903 2421 bona,
918 2344 953 2407 in
972 2345 1023 2410 his
1043 2346 1133 2430 inge·

143 2459 233 2522 nium
252 2456 372 2538 docile,
393 2476 499 2532 come,
517 2460 628 2539 aptum
647 2457 688 2519 ad
707 2460 791 2520 artes
810 2456 964 2540 optimas,
983 2479 1135 2543 magnam

142 2568 283 2652 corporis
316 2566 523 2650 dignitatern,
548 2586 628 2649 quae
652 2587 718 2629 non
743 2566 877 2629 minima
900 2569 949 2630 est
971 2588 1134 2633 commen·

142 2679 247 2754 datio,
268 2697 401 2761 magnas
421 2681 583 2760 praeterea
604 2677 730 2741 divitias
751 2700 770 2741 a
788 2679 879 2761 patre
899 2677 1135 2765 relictas,quas

115 2790 209 2873 eipse
227 2789 359 2873 tyranni
379 2789 564 2852 muneribus
583 2792 813 2863 auxeratarat
832 2788 967 2854 intimus
980 2788 1135 2876 Dionysio

143 2902 258 2986 priori,
294 2922 397 2984 neque
431 2901 537 2965 minus
572 2904 704 2985 propter
734 2922 836 2964 mores
866 2922 962 2983 quam
995 2900 1136 2966 affinita·

143 3018 219 3080 tem.
248 3035 386 3096 namque
417 3013 475 3076 etsi
505 3012 653 3097 Dionysii
686 3013 855 3078 crudelitas
879 3013 908 3076 ei
931 3012 1135 3096 displicebat,

143 3132 252 3190 tamen
282 3125 406 3189 salvum
436 3129 567 3208 propter
598 3125 881 3207 necessitudinem,
912 3125 1015 3208 magis
1038 3125 1136 3189 etiam

145 3258 273 3300 suorum
318 3257 413 3300 causa
455 3237 613 3301 studebat.
649 3237 758 3299 aderat
792 3236 827 3298 in
863 3235 989 3320 magnis
1023 3236 1135 3311 rebuS,

75 3366 78 3371 ·
145 3348 273 3431 eiusque
308 3347 441 3411 consilio
477 3348 613 3413 multum
652 3348 839 3412 movebatur
868 3351 1041 3431 tyrannus,
1074 3345 1137 3411 nisi

116 3476 212 3544 aqua
237 3459 272 3523 in
303 3482 337 3523 re
367 3460 469 3524 maior
488 3460 588 3543 ipsius
612 3460 768 3544 cupiditas
790 3460 1022 3524 intercesserat.
1047 3457 1136 3542 lega-

145 3572 249 3636 tiones
292 3593 366 3636 vero
409 3592 536 3648 omnes,
581 3591 663 3654 quae
699 3576 804 3633 essent
838 3569 1048 3646 illustriores,
1080 3590 1136 3653 per
