2460 4026
155 217 197 281 98
411 230 688 276 11111111111110.
716 210 767 273 11.
795 210 847 274 12.
875 237 880 244 ·

153 410 294 473 fructum
326 405 425 470 oculis
456 426 494 468 er
526 404 593 468 eius
624 425 698 467 casu
731 424 843 486 capere
874 402 1014 486 vellent,
1039 406 1073 468 01
1096 406 1152 489 qui

151 522 283 603 propter
313 517 451 580 veterem
483 514 656 578 amicitiam
688 513 808 596 alloqui
839 513 1061 598 consolarique
1093 537 1150 579 cu-

150 634 279 715 perent,
315 626 410 691 multi
445 627 560 705 etiam,
595 626 651 709 qui
684 626 750 689 eius
785 625 922 688 formam
956 646 1151 710 cognoscere

151 742 340 822 studebant,
373 760 466 821 quem
498 742 565 802 tam
596 738 651 801 diu
679 742 809 821 tamque
832 736 924 801 valde
948 738 1151 816 timuissent,

149 853 238 917 cuius
269 852 304 914 in
336 850 476 934 pernicie
504 850 641 933 positam
664 870 752 932 spem
776 848 962 941 habuissent
985 850 1148 915 victoriae.

121 967 183 1027 aat
206 964 382 1038 Eumenes,
410 983 482 1025 01111
508 960 627 1023 diutius
650 959 685 1022 in
709 959 846 1024 vinculis
869 962 965 1036 esset,
992 960 1149 1027 011010-

148 1073 297 1151 marcho,
329 1095 426 1158 penes
456 1094 552 1156 quem
575 1094 699 1135 summa
723 1071 848 1155 imperii
872 1074 941 1134 erat
964 1073 1146 1151 custodiae,

148 1209 180 1251 se
215 1186 341 1263 mirari,
377 1206 474 1268 quare
510 1184 574 1247 iam
609 1183 740 1247 tertium
773 1183 857 1247 diem
888 1184 932 1247 sic
963 1186 1144 1250 teneretur:

147 1319 214 1361 101
239 1297 324 1361 enim
347 1296 408 1361 hoc
433 1295 603 1360 convenire
627 1295 789 1379 Antigoni
810 1295 1017 1378 prudentiae,
1041 1300 1079 1360 ut
1102 1299 1148 1362 sic

147 1409 329 1472 deuteretur
360 1406 463 1471 victo:
497 1407 576 1490 quin
601 1408 658 1469 aut
680 1405 818 1470 interfici
841 1410 899 1469 aut
921 1406 1053 1470 missum
1077 1409 1148 1473 fieri

115 1520 278 1584 aiuberet.
314 1517 367 1580 1110
398 1539 470 1580 oum
501 1516 637 1581 ferocius
669 1516 870 1582 Onomarcho
901 1519 989 1602 loqui
1024 1519 1146 1585 videre·

146 1634 214 1713 tur,
242 1629 352 1714 ‘quid‘l
366 1628 440 1712 ltu',
466 1627 591 1710 inquit,
617 1628 733 1693 ‘animo
759 1629 785 1692 si
808 1629 869 1693 isto
893 1651 979 1707 eras,
1002 1653 1059 1695 cur
1081 1655 1145 1698 non

144 1743 179 1806 iu
210 1739 331 1825 proelio
365 1740 507 1803 cecidisti
536 1740 661 1823 potius,
687 1763 783 1823 quam
808 1741 842 1804 11
867 1745 1057 1825 potestatem
1081 1745 1146 1808 ini-

118 1853 220 1917 511101
250 1852 410 1916 venires’?
440 1850 515 1914 huic
546 1850 705 1915 Eumenes
735 1853 870 1916 ‘utinam
902 1853 1030 1936 quidem
1059 1856 1145 1920 istud

145 1963 319 2028 evenisset!
352 1961 407 2025 sed
439 1983 475 2025 eo
508 1982 575 2025 nou
604 1963 736 2039 accidit,
761 1964 845 2046 quod
869 1986 1046 2048 numquam
1071 1989 1143 2031 cum

144 2076 276 2141 fortiore
311 2086 380 2137 sum
415 2093 619 2157 congressus:
657 2095 723 2138 non
759 2075 845 2138 01111
878 2098 950 2140 cum
981 2098 1142 2161 quoquam

145 2211 233 2254 arma
265 2184 405 2262 contuli,
440 2184 519 2269 quin
542 2184 569 2248 is
593 2184 673 2248 mihi
697 2186 908 2250 succubuerit.
934 2209 1001 2252 non
1024 2187 1145 2253 virtute

143 2301 302 2382 hostium,
338 2301 392 2361 sed
428 2297 602 2361 amicorum
638 2297 772 2381 perfidia
808 2297 932 2362 decidi'
968 2320 1072 2381 neque
1109 2300 1141 2362 id

144 2417 213 2477 erat
247 2410 375 2473 falsum.
400 2408 447 2446 ³¹³*
482 2431 556 2472 nam
592 2413 623 2473 01
657 2409 816 2492 dignitate
850 2408 914 2472 fuit
943 2408 1079 2474 honesta
1111 2416 1144 2476 01

144 2523 264 2586 viribus
285 2521 324 2585 ad
344 2517 674 2584 laborcm'ferendum
693 2519 794 2584 firmis
814 2542 917 2603 neque
935 2524 1002 2585 tam
1024 2543 1142 2607 magno

144 2654 275 2716 corpore
299 2653 396 2714 quam
418 2630 523 2713 figura
547 2635 691 2694 venusta.

99 2746 140 2809 12
189 2743 237 2807 De
281 2742 341 2806 hoc
384 2740 571 2824 Antigonus
616 2763 687 2804 cum
728 2742 813 2807 solus
848 2744 1042 2809 constituere
1077 2768 1141 2811 non

143 2857 292 2932 auderet,
318 2856 357 2918 ad
384 2854 554 2918 consilium
578 2854 713 2917 rettulit.
738 2853 790 2917 hic
814 2877 885 2919 01111
906 2876 1017 2920 omnes
1037 2858 1142 2941 primo

143 2966 322 3051 perturbati
363 2966 616 3042 admirarentur,
654 2988 719 3029 non
754 2967 817 3029 iam
854 2967 892 3030 de
928 2988 964 3030 eo
1000 2971 1138 3033 sumtum

143 3101 209 3143 esse
239 3078 448 3163 supplicium,
481 3101 500 3141 a
533 3099 596 3160 quo
627 3081 678 3142 tot
701 3099 802 3141 annos
826 3077 903 3141 adeo
929 3082 1034 3142 essent
1057 3081 1141 3143 male

140 3190 261 3268 habiti,
299 3196 335 3255 ut
370 3212 463 3274 saepe
499 3193 539 3253 ad
572 3189 823 3273 desperationem
853 3187 961 3253 forent
992 3190 1138 3268 adducti,

113 3302 260 3385 aquique
293 3303 449 3366 maximos
486 3304 581 3365 duces
604 3301 832 3376 interfecisset,
859 3301 994 3384 denique
1016 3301 1051 3364 in
1075 3323 1139 3386 quo

141 3434 205 3477 uno
229 3417 359 3477 tantum
382 3417 481 3489 00001,
507 3417 559 3489 ut,
586 3413 690 3496 quoad
713 3412 768 3475 ille
792 3412 930 3488 viveret,
953 3413 1016 3496 ipsi
1036 3414 1136 3478 securi

141 3548 207 3592 esse
243 3506 324 3589 101
344 3526 491 3609 possent,
528 3522 698 3587 interfecto
731 3523 812 3587 nihil
842 3523 985 3587 habituri
1016 3525 1138 3608 negotii

138 3642 261 3721 essent,
295 3640 477 3721 postremo,
514 3635 540 3699 si
575 3635 623 3699 illi
658 3637 805 3700 redderet
833 3636 987 3717 salutem,
1020 3635 1136 3718 quibus
