2460 4026
222 223 226 230 -
322 230 325 235 -
400 203 479 248 xxv.
504 203 642 250 rrncus.
669 183 722 247 19.
749 183 802 246 20.
1033 185 1097 250 139

103 383 230 443 tunam.
266 353 421 461 namque
439 377 492 442 hic
524 379 694 441 contentus
718 376 830 440 ordine
853 377 1006 460 equestri,
1035 395 1128 462 quoa

102 494 177 556 erat
210 493 315 567 ortus,
339 490 375 554 in
400 488 588 553 affinitatem
612 487 757 573 pervenit
780 488 1000 573 imperatoris,
1025 487 1101 554 Divi

103 603 184 681 filii,
218 624 291 666 cum
321 601 387 666 iam
411 604 487 665 ante
517 600 769 665 familiaritatem
794 599 860 664 eius
883 603 964 664 esset
988 621 1099 665 conse·

102 718 199 780 cutus
229 712 320 777 nulla
352 712 416 776 alia
439 734 473 776 re
496 734 593 796 quam
617 711 777 796 elegantia
800 710 901 794 vitae,
927 734 991 796 qua
1015 712 1100 775 oete·

105 847 160 890 ros
183 827 310 910 ceperat
332 824 492 909 principes
517 823 655 888 civitatis
679 823 837 907 dignitate
859 823 947 908 pari,
968 822 1100 887 fortuna

105 936 302 1002 humiliores.
327 938 421 999 tanta
444 934 530 999 enim
554 935 749 1020 prosperitas
772 933 937 1000 Caesarem
957 939 1005 999 est
1024 952 1129 1000 con-3

106 1052 235 1127 secuta,
265 1042 302 1113 ut
332 1047 415 1112 nihil
438 1046 468 1111 ei
490 1067 558 1111 non
581 1047 731 1111 tribuerit
752 1045 902 1125 fortuna,
926 1048 1011 1131 quod
1035 1047 1101 1112 cui·
1169 1052 1174 1061 '

108 1184 208 1246 quam
228 1163 304 1224 ante
325 1159 501 1236 detulerat,
521 1161 554 1222 et
572 1158 768 1237 conciliarit,
789 1159 876 1243 quod
889 1179 983 1222 nemo
997 1157 1102 1223 adhuc

100 1272 184 1337 civis
213 1270 380 1336 Romanus
411 1271 516 1356 quivit
546 1271 708 1355 consequi.
732 1275 809 1334 nata
833 1275 881 1336 est
905 1273 1012 1334 autem
1035 1268 1130 1336 lit-4

100 1383 172 1448 tico
208 1384 313 1467 neptis
347 1405 386 1448 ex
420 1382 585 1467 Agrippa,
617 1384 668 1448 eui
698 1382 858 1466 virginem
881 1382 981 1446 filiam
1004 1381 1102 1447 collo·

102 1498 209 1562 caret.
243 1495 328 1559 hanc
362 1493 479 1560 Caesar
510 1496 564 1560 vix
597 1496 780 1560 anniculam
803 1494 852 1558 Ti.
878 1493 1011 1560 Claudio
1035 1493 1102 1559 Ne-

104 1607 198 1686 roni,
234 1606 376 1672 Drusilla
406 1610 502 1685 nato,
535 1590 685 1692 privigno
709 1628 786 1685 suo,
810 1606 998 1691 despondit:
1022 1628 1104 1691 quae

103 1719 294 1784 coniunctio
330 1718 597 1783 necessitudinem
630 1740 738 1783 eorum
770 1719 878 1797 auxit,
902 1718 1103 1782 familiarita-
1165 1765 1176 1778 .

103 1836 174 1895 tem
218 1830 359 1896 reddidit
392 1830 650 1915 frequentiorem.
688 1851 882 1916 quamquam
916 1832 992 1894 ante
1026 1828 1149 1895 haec20

101 1942 271 2028 sponsalia
306 1963 373 2006 non
409 1941 529 2021 solum,
566 1965 639 2007 cum
669 1942 710 2006 ab
740 1941 820 2007 urbe
843 1942 984 2022 abesset,
1008 1963 1104 2008 num·

102 2076 204 2138 quam
228 2055 269 2118 ad
293 2075 423 2118 suorum
448 2076 639 2139 quemquam
661 2055 786 2120 litteras
810 2054 914 2133 misit,
939 2053 1018 2139 quin
1041 2051 1104 2117 At·

106 2166 173 2230 tico
208 2165 376 2243 scriberet,
413 2165 490 2249 quid
523 2169 651 2248 ageret,
683 2165 718 2229 in
749 2165 862 2249 primis
886 2165 963 2248 quid
985 2163 1107 2248 legeret

103 2277 289 2362 quibusque
318 2277 353 2341 in
386 2276 465 2341 locis
489 2280 522 2342 et
544 2277 697 2362 quamdiu
720 2279 804 2342 esset
826 2278 1024 2353 moraturus,
1049 2275 1134 2341 seda

102 2376 225 2467 etiam,
261 2411 333 2454 cum
357 2393 438 2454 esset
467 2391 503 2453 in
534 2390 614 2453 urbe
647 2392 679 2453 et
709 2391 842 2474 propter
863 2386 1008 2452 infinitas
1032 2408 1106 2452 suas

103 2502 336 2586 occupationes
360 2501 467 2566 minus
491 2523 602 2586 saepe,
626 2522 722 2584 quam
746 2500 859 2578 vellet,
883 2497 993 2563 Attico
1018 2497 1105 2563 frue-

108 2615 216 2697 retur,
240 2613 348 2678 nullus
367 2612 434 2677 dies
454 2616 572 2677 temere
592 2611 788 2690 intercessit,
810 2633 873 2697 quo
892 2633 960 2676 non
980 2611 1021 2675 ad
1033 2632 1105 2681 eum

109 2723 279 2802 scriberet,
313 2747 386 2790 cum
420 2729 516 2790 modo
552 2725 673 2810 aliquid
708 2726 747 2790 de
776 2724 968 2809 antiquitate
997 2724 1038 2788 ab
1068 2745 1104 2788 eo

109 2836 302 2920 requireret,
339 2838 434 2901 modo
470 2837 610 2921 aliquam
645 2837 863 2921 quaestionem
895 2835 1053 2921 poiticam
1077 2836 1107 2900 ei

105 2950 317 3032 proponeret,
353 2947 515 3012 interdum
538 2948 648 3012 iocans
671 2947 738 3012 eius
761 2947 956 3012 verbosiores
979 2948 1106 3013 eliceret

108 3060 269 3144 epistolas.
306 3081 344 3124 ex
380 3080 443 3145 quo
479 3059 612 3138 accidit,
650 3080 722 3124 cum
754 3058 840 3124 aedis
863 3057 950 3124 Iovis
973 3057 1134 3122 Feretriie

108 3171 145 3236 in
181 3170 356 3257 Capitolio,
383 3170 424 3235 ab
447 3170 585 3235 Romulo
609 3171 804 3248 constituta,
828 3172 986 3236 vetustate
1010 3172 1106 3254 atque

108 3282 234 3348 incuria
258 3285 382 3347 detecta
400 3282 638 3368 prolaberetur,
659 3285 698 3346 ut
714 3280 817 3347 Attici
838 3280 1006 3345 admonitu
1026 3278 1105 3344 an-

110 3416 163 3459 sar
198 3415 269 3458 earn
298 3394 504 3459 reficiendam
535 3395 671 3458 curaret.
696 3416 799 3479 neque
822 3415 896 3458 vero
922 3414 941 3456 a
965 3391 1010 3456 M.
1034 3389 1138 3457 rin-4

110 3505 201 3570 tonio
237 3504 342 3570 minus
367 3504 482 3569 absens
505 3504 620 3569 litteris
644 3505 826 3583 colebatur,
850 3507 929 3569 adeo
952 3507 990 3567 ut
1013 3524 1107 3567 accu-

106 3619 183 3682 rate
216 3616 271 3682 ille
305 3639 345 3683 ex
380 3616 501 3682 ultimis
537 3617 646 3696 terris,
678 3616 756 3700 quid
779 3619 904 3701 ageret,
929 3635 1023 3681 curae
1046 3613 1107 3678 sibi
