2460 4026
171 204 216 267 44
495 224 542 269 rx.
568 205 740 271 111114.
766 204 796 267 5.

170 420 237 463 non
270 397 365 463 facile
394 399 434 463 ad
468 399 658 463 credendum
692 397 924 473 adducebatur,
957 395 1166 461 reminiscens

143 510 237 575 aeius
268 532 301 574 se
332 532 429 595 opera
458 507 577 593 Cyrum
607 509 723 573 fratem
754 529 927 593 superasse.
950 506 1046 572 huius
1071 528 1164 572 accu-

170 621 262 686 sandi
294 621 399 705 gratia
429 619 543 686 Conon
574 644 593 685 a
620 621 831 686 Pharnabazo
856 622 897 684 ad
919 639 1027 704 regern
1050 620 1166 684 missus

171 738 377 818 posteaquam
413 733 519 811 venit,
554 733 693 817 primurn
727 755 766 798 ex
800 754 887 798 more
922 731 1094 796 Persarum
1126 733 1167 795 ad

170 844 397 922 chiliarchum,
428 844 484 930 qui
511 847 684 909 secundum
709 845 844 929 gradrm
868 843 994 928 imperii
1016 844 1163 920 tenebat,

172 955 389 1020 Tithraustem
420 956 552 1020 accessit
583 977 678 1040 seque
703 943 844 1020 ostendit
866 977 939 1019 cum
962 976 1038 1040 rege
1066 955 1168 1021 collo·

145 1066 227 1150 equi
262 1067 359 1132 velle:
389 1067 464 1131 huic
494 1066 549 1131 ille
573 1067 683 1152 ‘nulla'
707 1067 814 1151 inquit
840 1069 1027 1152 ί11111111,
1053 1069 1110 1132 sed
1131 1072 1168 1132 tu

173 1178 329 1256 delibera,
361 1183 469 1244 utrum
501 1179 640 1263 colloqui
663 1179 757 1243 malis
782 1202 824 1242 an
847 1200 903 1263 per
925 1179 1049 1244 litteras
1074 1200 1167 1264 agere

172 1312 253 1375 quae
288 1290 420 1374 cogitas,
457 1313 584 1355 necesse
619 1295 667 1356 est
701 1291 807 1374 enim,
838 1291 865 1354 si
894 1290 930 1353 in
960 1294 1168 1375 conspectum

173 1401 313 1477 veneris,
345 1402 489 1465 venerari
524 1404 556 1466 to
578 1421 704 1485 regern,
729 1404 814 1485 quod
837 1409 1013 1481 προσκυνεῖν
1038 1401 1087 1465 1111
1110 1425 1167 1468 ro·

60 1534 63 1543 ·
169 1514 254 1575 cant.
290 1532 384 1575 nemo
418 1513 503 1576 enim
539 1513 608 1577 sine
642 1512 703 1576 hoc
735 1512 924 1576 admittitur.
956 1511 1019 1575 hoc
1050 1512 1078 1576 si
1107 1513 1168 1577 tibi

172 1641 270 1706 grave
313 1626 378 1699 est,
423 1645 479 1708 per
521 1645 572 1688 me
607 1624 708 1688 nihilo
744 1625 845 1688 secius
878 1624 971 1688 editis
1006 1625 1168 1690 mandatis

143 1733 320 1798 aconficies
350 1735 436 1817 quod
467 1734 596 1798 studes’.
630 1737 700 1798 tum
732 1731 846 1798 Conon
879 1734 967 1798 ’mihi
999 1735 1084 1800 vero’
1115 1736 1168 1800 in-

168 1846 238 1929 quit
274 1846 351 1910 ’non
383 1849 432 1910 est
462 1867 559 1929 grave
589 1847 732 1929 quemvis
763 1845 918 1910 honorem
941 1845 1058 1910 habere
1081 1848 1173 1932 regi,

173 1957 227 2020 sed
257 1978 383 2040 vereor,
416 1978 457 2020 ne
489 1957 612 2020 civitati
636 1979 723 2020 meae
746 1957 788 2020 sit
811 1957 1002 2041 opprobrio,
1027 1958 1072 2035 si,
1096 1980 1168 2022 cum

174 2090 212 2132 en
244 2090 281 2131 ea
312 2068 372 2132 sim
395 2066 574 2151 profectus,
598 2090 678 2151 quae
703 2069 814 2132 ceteris
837 2069 989 2153 gentihus
1011 2069 1170 2154 imperare

174 2179 354 2256 consuerit,
387 2180 495 2263 potius
519 2179 727 2243 barbarorum
752 2201 847 2266 quam
872 2179 958 2244 illius
982 2202 1070 2245 more
1092 2181 1168 2245 fun·

175 2292 253 2376 gar.’
277 2293 385 2376 itaque
406 2291 482 2355 huic
505 2313 586 2375 quae
606 2292 753 2369 volebat,
778 2292 897 2374 scripta
922 2292 1065 2356 tradidit.

145 2406 166 2468 4
220 2402 341 2478 Quibus
373 2402 510 2485 cognitis
540 2424 596 2466 1111
627 2404 755 2466 tantum
786 2403 977 2466 auctoritate
1008 2403 1077 2467 eius
1100 2425 1170 2467 mo-

174 2518 225 2578 tus
249 2518 315 2592 est,
338 2518 374 2577 ut
398 2517 430 2577 et
453 2513 699 2598 Tissaphernem
720 2513 846 2577 hostem
868 2514 1018 2579 iudicarit
1041 2519 1073 2579 et
1104 2515 1168 2579 La-

61 2699 63 2703 ,
174 2625 392 2690 cedaemonios
422 2623 506 2688 bello
537 2625 683 2708 persequi
714 2624 841 2689 iusserit
872 2628 904 2688 et
936 2625 965 2690 ei
988 2626 1170 2710 permiserit

173 2759 268 2820 quem
303 2735 399 2799 vellet
428 2736 543 2819 eligere
574 2738 614 2800 ad
646 2736 892 2820 dispensandam
923 2737 1103 2820 pecuniam.
1134 2738 1168 2801 id

174 2848 341 2912 arbitrium
365 2846 477 2911 Conon
502 2848 632 2932 negavit
656 2848 704 2911 111
724 2870 791 2912 1111
810 2848 954 2924 11111111,
974 2851 1029 2912 sed
1048 2848 1167 2932 ipsius,

174 2959 231 3042 qui
252 2959 372 3041 optime
396 2981 468 3023 suos
491 2981 583 3024 nosse
608 2960 753 3037 deberet,
778 2963 833 3024 sed
856 2981 889 3022 se
912 2960 1043 3024 suadere
1066 2959 1169 3025 Phar·

23 3108 26 3117 ·
146 3071 296 3136 anahazo
340 3071 372 3133 id
416 3072 538 3155 negotii
574 3073 673 3136 daret.
708 3072 784 3136 hino
820 3071 946 3155 magnis
982 3072 1169 3136 muneribus

175 3186 313 3248 donatus
336 3183 377 3246 ad
400 3205 487 3246 mare
512 3185 561 3248 est
582 3183 714 3266 missus,
739 3187 775 3248 ut
798 3180 925 3267 Cypriis
947 3184 980 3246 et
998 3182 1169 3248 Phoenici-

175 3295 234 3358 bus
259 3295 431 3378 ceterisque
454 3294 622 3358 maritimis
648 3295 831 3359 civitatibus
854 3316 951 3358 naves
974 3294 1171 3380 1118111111-

175 3410 300 3488 peraret
331 3407 541 3488 classemque,
575 3428 639 3489 qua
662 3406 809 3489 proxima
834 3409 954 3471 aestate
976 3428 1063 3471 mare
1086 3408 1170 3471 tueri

174 3520 298 3600 posset,
327 3520 542 3601 compararet,
568 3518 643 3581 dato
667 3517 811 3581 adiutore
834 3516 1061 3596 Pharnabazo,
1086 3518 1170 3582 sicut

147 3629 242 3713 oipse
273 3629 425 3693 voluerat.
456 3629 490 3692 id
520 3631 558 3692 ut
588 3627 847 3693 Lacedaemoniis
882 3626 938 3693 est'
962 3625 1169 3708 nuntiatum,
