2460 4026
137 195 180 259 38
390 213 450 257 vrr.
474 212 671 258 lacrumans.
700 195 751 259 10.
778 193 831 257 11.

136 386 257 451 maluit.
281 385 390 468 itaque
413 387 502 451 misit
520 385 750 452 Susamithrem
771 388 804 450 et
823 385 986 470 Bagaeum
1008 389 1050 451 ad
1068 375 1139 452 Aa

136 497 291 562 cibiadem
321 496 598 575 interficiendum,
630 519 702 561 cum
733 496 788 560 ille
820 501 902 561 esset
928 497 964 561 in
986 496 1133 583 Phrygia

107 608 258 692 aiterque
289 607 330 671 ad
361 628 468 691 regem
501 612 707 692 compararet.
732 609 821 673 missi
845 609 928 673 clam
952 609 1130 687 vicinitati,
1219 690 1222 695 ῃ

135 720 169 783 in
203 723 360 803 quatum
385 717 567 785 Alcibiades
590 724 676 798 erat,
705 723 784 785 dant
806 721 973 805 negotium
996 709 1035 784 ut
1058 742 1131 785 eum

133 830 339 894 interficiant.
375 831 423 895 illi
457 853 529 895 cum
564 830 648 895 ferro
684 832 817 917 aggredi
852 853 920 896 non
955 834 1128 915 auderent,

134 944 233 1006 noctu
257 941 347 1026 ligna
370 943 575 1008 contulerunt
598 944 681 1007 circa
701 966 824 1021 casam,
846 945 881 1007 in
903 965 966 1027 qua
986 944 1131 1026 quiesce-

135 1052 209 1130 bat,
241 1075 373 1139 eamque
402 1055 650 1131 succenderunt,
683 1056 721 1118 ut
743 1056 892 1120 incendio
917 1055 1129 1137 conficerent,

109 1183 229 1249 squam
264 1187 362 1228 manu
398 1165 539 1248 superari
574 1186 665 1249 posse
699 1166 896 1230 diffidebant.
932 1166 986 1229 ille
1021 1169 1128 1238 autem

135 1277 172 1338 ut
202 1275 308 1339 sonitu
339 1275 486 1339 flammae
511 1277 558 1338 est
583 1277 752 1352 excitatae,
777 1265 837 1341 etsi
860 1278 985 1362 gladius
1009 1278 1038 1340 ei
1061 1281 1130 1342 erat

135 1388 327 1470 subductus,
350 1386 516 1451 familiaris
537 1388 585 1451 sui
604 1388 750 1452 subalare
769 1389 868 1453 telum
888 1390 1015 1474 eripuit.
1035 1411 1128 1453 nam-

134 1519 196 1582 que
216 1500 283 1561 erat
304 1518 377 1561 cum
397 1519 434 1560 eo
454 1498 585 1582 quidam
605 1521 643 1563 ex
662 1498 799 1563 Arcadia
817 1500 931 1584 hospes
946 1548 953 1578 ,
967 1501 1021 1584 qui
1033 1524 1128 1565 num-

134 1631 230 1693 quam
262 1609 421 1673 discedere
451 1609 603 1674 voluerat.
637 1610 724 1676 hunc
754 1613 841 1696 sequi
872 1634 904 1676 se
927 1613 1017 1676 iubet
1040 1616 1074 1677 et
1095 1614 1129 1677 id

135 1720 220 1805 quod
254 1720 289 1783 in
320 1721 502 1803 praesentia
537 1722 800 1787 vestimentorum
832 1722 894 1787 fuit
925 1724 1045 1808 arripit.
1078 1712 1128 1789 his

108 1832 169 1895 oin
198 1833 306 1915 ignem
339 1832 490 1896 coniectis
522 1832 668 1896 flammae
699 1834 764 1897 vim
797 1835 934 1899 transiit.
967 1857 1061 1919 quem
1092 1841 1129 1900 ut

134 1943 261 2006 barbari
295 1943 479 2007 incendium
515 1944 662 2028 effugisse
698 1945 860 2030 viderunt,
900 1946 971 2010 telis
1003 1947 1128 2011 eminus

135 2055 238 2119 missis
268 2052 499 2119 interfecerunt
529 2058 688 2139 caputque
720 2057 786 2121 eius
818 2061 858 2121 ad
882 2058 1128 2122 Pharnabazum

132 2167 335 2232 rettulerunt.
368 2170 402 2231 at
430 2166 562 2244 mulier,
595 2186 778 2251 quaecum
803 2190 838 2233 ac
863 2171 968 2234 vivere
993 2189 1127 2234 consue-
1161 2171 1164 2179 “

132 2282 200 2357 rat,
232 2280 379 2343 muliebri
412 2301 468 2343 sua
500 2283 586 2344 veste
610 2283 794 2344 contectum
818 2281 953 2345 aedificii
977 2281 1128 2346 incendio
1212 2297 1216 2306 '

133 2394 295 2455 mortuum
315 2391 484 2467 cremavit,
504 2394 591 2474 quod
610 2391 650 2454 ad
670 2393 777 2456 virum
796 2391 1045 2456 interimendum
1059 2394 1129 2456 erat

47 2494 55 2509 ’
133 2506 362 2585 comparatum.
400 2502 444 2566 sic
480 2501 663 2566 Alcibiades
698 2525 800 2567 annos
830 2503 953 2567 circiter
987 2505 1126 2586 quadra-

133 2613 226 2696 ginta
248 2619 343 2678 natus
365 2615 449 2678 diem
476 2613 556 2677 obiit
579 2635 771 2697 supremum.

89 2723 129 2786 11
178 2722 274 2788 Hunc
297 2724 487 2789 infamatum
514 2747 532 2788 a
555 2725 713 2810 plerisque
736 2731 801 2791 tres
825 2728 1004 2811 gravissimi
1024 2729 1127 2796 histo-

133 2834 191 2898 rici
210 2837 340 2900 summis
361 2837 509 2900 laudibus
529 2837 729 2902 extulerunt:
743 2837 962 2922 Thucydides,
975 2841 1031 2924 qui
1044 2841 1127 2906 eius-

134 2947 204 3011 dem
233 2949 345 3013 aetatis
369 2947 448 3025 fuit,
473 2948 698 3033 Theopompus
720 2952 795 3033 post
819 2950 986 3033 aliquanto
1011 2956 1127 3029 natus,

134 3061 167 3121 et
197 3059 360 3126 limaeus:
389 3059 445 3144 qui
468 3060 596 3143 quidem
620 3060 682 3123 duo
706 3060 997 3126 maledicentissimi
1021 3065 1127 3129 nescio

105 3185 194 3253 aquo
227 3171 322 3234 modo
353 3171 388 3233 in
420 3171 476 3235 illo
507 3192 572 3235 uno
603 3171 762 3235 laudando
791 3174 1006 3238 consentiunt.
1032 3198 1127 3239 nam-

133 3302 195 3364 que
226 3303 280 3358 ea,
313 3305 394 3366 quae
425 3305 520 3367 supra
549 3285 751 3368 scripsimus,
777 3286 815 3349 de
838 3307 875 3350 eo
900 3287 1127 3369 praedicarunt

133 3395 229 3475 atque
258 3391 320 3458 hoc
343 3394 494 3478 amplius:
522 3417 594 3458 cum
618 3395 773 3472 Athenis,
799 3395 1055 3479 splendidissima
1081 3398 1127 3461 ci·

105 3503 248 3581 evitate,
273 3507 368 3569 natus
391 3509 491 3582 esset,
515 3526 624 3569 omncs
645 3506 812 3589 splendore
838 3529 874 3571 ac
894 3506 1053 3590 dignitate
1073 3529 1128 3572 su-

134 3637 260 3699 perasse
291 3617 393 3695 vitae,
417 3621 587 3701 postquam
610 3616 686 3679 inde
709 3617 858 3700 expulsus
882 3615 1007 3681 Thebas
1030 3616 1128 3682 vene·
