2460 4026
495 198 541 241 ιι.
566 198 764 244 remeamus.
1064 177 1107 241 53

108 394 184 437 nam
215 370 310 436 celeri
332 392 459 435 rumore
483 371 602 449 dilato,
625 372 724 437 Dioni
747 372 812 437 vim
838 370 986 446 allatam,
1012 369 1105 434 multi

107 486 354 559 concurrerant,
379 483 495 566 quibus
519 482 584 547 tale
607 482 732 561 facinus
751 481 946 566 displicebat.
969 481 1004 546 hi
1024 480 1106 546 falsa

107 594 288 680 suspicione
320 595 408 659 ducti
438 596 643 659 immerentes
674 597 712 659 ut
743 595 911 659 sceleratos
942 595 1103 658 occidunt.

106 706 201 770 huius
222 707 261 770 de
280 708 384 770 morte
401 709 439 769 ut
457 706 565 790 palam
586 705 707 770 tactum
727 709 792 783 est,
814 705 1004 769 mirabiliter
1015 705 1133 789 valgia

105 819 232 882 mutata
266 821 314 882 est
348 814 622 919 voluntasflnam
657 840 752 902 quem
790 818 898 882 vivum
930 820 1104 899 tyrannum

105 929 304 1007 vocitarent,
326 929 462 992 eundem
481 929 685 994 liberatorem
707 929 829 1014 patriae
841 928 1037 1012 tyrannique
1049 949 1103 992 ex·

105 1040 267 1124 pulsorem
296 1040 535 1124 praedicabant.
569 1041 613 1104 sic
644 1040 750 1105 subito
781 1040 999 1105 misericordia
1031 1041 1104 1104 odio

106 1154 314 1228 successerat,
348 1155 385 1214 ut
415 1172 487 1214 eum
514 1173 571 1217 suo
605 1153 762 1237 sanguine
786 1153 826 1216 ab
850 1150 1051 1228 Acheronte,
1077 1152 1104 1215 si

104 1266 254 1347 possent,
286 1264 439 1346 cuperent
468 1264 632 1328 redimere.
664 1264 773 1348 itaque
804 1264 840 1327 in
863 1263 941 1327 urbe
965 1261 1131 1325 celeber-3

103 1375 186 1439 rimo
217 1374 306 1452 loco,
340 1374 442 1440 elatus
474 1376 619 1458 publice,
651 1380 859 1440 monumento
884 1376 1021 1439 donatus
1045 1375 1102 1437 est.

105 1485 191 1550 diem
220 1485 302 1549 obiit
331 1485 456 1550 circiter
483 1507 584 1551 annos
608 1487 844 1572 quinquaginta
868 1491 982 1563 natus,
1007 1506 1103 1569 quar-

104 1599 175 1662 tum
205 1601 281 1682 post
307 1620 447 1676 annum,
480 1620 575 1681 quam
600 1619 638 1662 ex
661 1598 881 1682 Peloponneso
905 1598 940 1661 in
963 1596 1103 1661 Siciliam

103 1710 251 1774 redierat.
268 1704 338 1765 ἦ*

428 2105 495 2180 ΧΙ.
520 2107 819 2180 IPHICRATES.

150 2281 326 2366 Iphicrates
349 2282 556 2348 Atheniensis
576 2305 643 2349 non
663 2289 729 2349 tam
752 2284 975 2370 magnitudine
995 2289 1130 2348 reruml

103 2395 267 2479 gestarum
309 2417 406 2479 quam
449 2396 617 2480 disciplina
653 2396 784 2461 militari
819 2396 1008 2461 nobilitatus
1043 2399 1100 2460 est.
1206 2378 1209 2383 ⁵

102 2506 168 2571 fuit
198 2507 283 2571 enim
307 2507 380 2571 talis
404 2507 485 2592 dux,
513 2511 639 2572 utnon
663 2508 766 2572 solum
794 2509 906 2573 aetatis
930 2530 1005 2572 suae
1029 2529 1101 2570 cum

103 2618 216 2702 primis
239 2621 495 2701 compararetur,
522 2620 577 2683 sed
602 2641 643 2684 ne
666 2623 706 2684 de
727 2620 901 2684 maioribus
924 2623 1004 2684 natu
1028 2618 1099 2703 qui·

103 2730 176 2794 dem
218 2729 387 2814 quisquam
422 2730 450 2793 ei
487 2734 747 2816 anteponeretur.
784 2733 919 2797 multum
955 2751 1030 2795 vero
1066 2729 1130 2792 ina

103 2839 189 2905 bello
221 2843 269 2903 est
299 2843 458 2926 versatus,
492 2863 585 2926 saepe
609 2844 799 2908 exercitibus
834 2843 989 2929 praefuit,
1024 2863 1100 2905 nus-

101 2971 196 3035 quam
224 2951 321 3035 'culpa
352 2952 435 3016 male
466 2975 533 3016 rem
566 2955 680 3039 gessit,
715 2977 838 3040 semper
869 2954 1000 3018 consilio
1024 2952 1102 3017 vicit

101 3065 292 3146 tantumque
321 3083 358 3126 eo
381 3062 499 3148 valuit,
526 3068 563 3128 ut
586 3066 688 3128 multa
710 3065 746 3129 in
771 3088 804 3130 re
829 3064 960 3129 militari
983 3062 1099 3147 partim

101 3191 185 3237 nova
215 3173 378 3251 attulerit,
413 3174 530 3257 partim
562 3175 695 3239 meliora
725 3175 845 3240 fecerit.
880 3196 1019 3258 namque
1046 3174 1100 3239 ille

100 3282 259 3367 pedestria
290 3306 378 3349 arma
408 3286 562 3353 mutavit:
599 3309 672 3351 eum
704 3292 780 3352 ante
811 3287 903 3351 illum
925 3286 1128 3371 imperato-3

87 3378 168 3459 'rem
191 3396 339 3461 maximis
363 3397 500 3482 clypeis,
522 3398 673 3464 brevibus
692 3399 808 3484 hastis,
830 3397 963 3462 minutis
984 3399 1128 3483 gladiisa

100 3510 284 3591 uterentur,
320 3509 374 3572 ille
404 3530 422 3573 e
454 3510 613 3575 contrario
645 3511 764 3594 peltam
796 3531 854 3594 pro
885 3532 997 3595 parma
1026 3509 1101 3574 feeit

56 3644 59 3650 ·
102 3614 135 3699 (a
169 3639 232 3702 quo
263 3624 380 3702 postea.
406 3620 562 3704 peltastae
594 3621 715 3706 pedites
746 3623 897 3710 appellati
926 3635 1019 3697 aaut,
1048 3625 1104 3704 qui
