2460 4026
12 266 14 271 Ι
131 171 173 234 48
472 192 503 234 x.
528 191 617 234 nior.
644 173 672 235 3.
700 173 731 235 4.

103 363 143 431 3t
177 361 253 427 Tale
296 362 424 428 initium
459 363 522 428 fnit
556 362 669 428 Dionis
705 369 737 429 et
770 364 918 450 Dionysii
951 367 1126 432 simultatis

129 495 228 558 eaque
251 476 360 540 multis
382 477 475 540 rebus
502 479 596 540 aucta
619 481 676 540 est.
701 477 755 540 sed
777 481 887 543 tamen
909 478 1021 563 primis
1042 481 1125 543 tem·

128 587 259 669 poribus
292 587 488 671 aliquamdiu
511 588 661 652 simulata
682 587 768 652 inter
791 589 1008 653 eos'amicitia
1030 612 1124 654 man-

130 697 180 762 sit.
214 719 287 762 cum
318 698 403 763 Dion
434 720 500 782 non
533 700 697 763 desisteret
728 700 892 765 obsecrare
916 699 1124 785 Dionysium,

127 809 164 870 ut
195 808 362 872 Platonem
385 809 523 874 Athenis
548 814 720 874 arcesseret
743 813 776 874 et
798 811 1030 900 eiusconsiliis
1053 816 1123 877 ute·

128 921 232 996 retur,
265 920 338 1000 ille,
370 922 425 1005 qui
456 923 491 985 in
522 922 629 1005 aliqua
660 942 694 985 re
718 921 815 987 vellet
838 927 963 1007 patrem
985 923 1123 1001 imitari,

102 1044 249 1093 amorem
277 1032 306 1095 ei
329 1033 437 1116 gessit.
464 1033 636 1116 eodemque
660 1036 804 1117 tempore
827 1033 999 1099 Philistum
1022 1035 1123 1100 histo·

128 1140 229 1204 ricum
252 1142 424 1226 Syracusas
447 1144 591 1221 reduxit,
616 1143 779 1208 hominem
803 1145 940 1210 amicum
964 1168 1031 1210 non
1056 1168 1122 1210 ma-

126 1253 176 1337 gis
207 1258 347 1341 tyranno
379 1277 476 1338 quam
500 1255 673 1338 tyrannidi.
698 1258 753 1319 sed
776 1256 814 1320 de
837 1255 900 1320 hoc
923 1256 958 1319 in
983 1278 1019 1320 eo
1043 1257 1125 1321 libro

128 1365 220 1454 plura
250 1370 325 1430 sunt
357 1365 515 1450 exposita,
550 1366 605 1449 qui
639 1366 677 1430 de
709 1366 868 1431 historicis
893 1365 1022 1432 Graecis
1046 1388 1123 1433 con·
1158 1384 1161 1391 '

98 1481 261 1564 ascriptus
296 1481 354 1542 est.
367 1472 483 1597 ‘Plato
519 1481 626 1541 autem
657 1479 785 1540 tantum
817 1481 902 1561 apud
933 1479 1124 1564 Dionysium
1175 1480 1179 1485 ’

127 1591 316 1656 auctoritate
349 1589 456 1672 potuit
491 1589 655 1673 valuitque
690 1588 889 1672 eloquentie,
924 1594 962 1654 ut
993 1592 1022 1656 ei
1052 1615 1141 1677 per-.

127 1702 261 1767 suaserit
284 1700 479 1784 ,tyrannidis
511 1700 614 1763 facere
645 1699 743 1762 finem
775 1700 1019 1786 libertatemque
1052 1704 1123 1768 red·

128 1818 201 1878 dere
232 1811 461 1896 Syracusanis3
493 1833 512 1872 a
542 1832 605 1894 qua
638 1810 805 1875 voluntate
837 1811 965 1876 Philisti
989 1814 1122 1879 consilio

127 1924 298 1989 deterritus
322 1922 486 2004 aliquanto
510 1921 667 1985 crudelior
691 1943 757 1986 esse
781 1923 895 2007 coepit.

98 2039 120 2101 4
173 2035 234 2110 Qui
262 2034 389 2119 quidem
420 2054 492 2097 oum
516 2055 535 2094 a
565 2031 669 2095 Dione
701 2053 734 2096 se
762 2035 904 2118 superari
927 2034 1051 2100 videret
1073 2037 1124 2101 in·

128 2148 241 2233 genio,
271 2145 477 2221 auctoritate,
502 2164 609 2207 amore
631 2143 759 2226 populi,
783 2166 895 2209 verens
919 2167 978 2224 ne,
1003 2147 1031 2210 si
1054 2169 1125 2211 eum

128 2281 234 2324 secum
264 2257 411 2334 haberet,
444 2255 586 2338 aliquam
609 2253 806 2318 occasionem
829 2256 879 2320 sui
903 2257 994 2321 daret
1017 2257 1126 2342 oppri-

129 2369 253 2447 mendi,
290 2389 404 2432 navem
440 2367 469 2430 ei
504 2366 666 2429 triremem
698 2366 804 2442 dedit,
837 2388 902 2449 que
933 2365 1126 2433 Corinthum

129 2481 352 2557 deveheretur,
384 2464 554 2542 ostendens
584 2497 616 2539 se
638 2476 671 2538 id
696 2476 860 2568 utriusque
882 2477 989 2542 facere
1013 2498 1126 2557 causa,

129 2614 189 2668 ne,
218 2613 290 2654 cum
320 2590 407 2653 inter
437 2610 470 2652 se
500 2587 669 2662 timerent,
696 2586 848 2652 alteruter
872 2587 1009 2653 alterum
1033 2611 1126 2674 prae-

101 2704 320 2785 eoccuparet..
339 2700 373 2762 id
404 2719 476 2762 oum
504 2697 626 2760 factum
658 2697 754 2759 multi
784 2680 1035 2781 indignarentur
1057 2722 1126 2764 mc-

131 2833 275 2898 gnaeque
309 2813 391 2875 esset
424 2808 565 2873 invidiae
598 2812 758 2891 tyranno,
793 2806 967 2892 Dionysius
998 2811 1125 2890 omnia,

130 2945 211 3009 quae
240 2923 361 2988 moveri
391 2922 542 3005 poterant
572 2918 703 2994 Dionis,
726 2919 761 2981 in
785 2941 882 2983 neves
905 2921 1062 3006 imposuit
1085 2926 1127 2988 ad

130 3057 266 3119 eumque
299 3033 395 3097 misit.
433 3033 477 3096 sic
512 3031 598 3095 enim
633 3029 807 3094 existimari
840 3030 987 3111 volebat,
1024 3035 1057 3098 id
1093 3056 1127 3100 se

130 3169 198 3212 non
232 3146 306 3212 odio
340 3143 497 3220 hominis,
535 3142 589 3207 sed
625 3162 699 3205 suae
735 3140 847 3204 salutis
877 3141 989 3208 fecisse
1019 3166 1124 3211 cause.

102 3261 241 3342 epostea
271 3279 345 3322 vero
376 3276 473 3338 quam
503 3253 626 3317 audivit
657 3273 729 3315 eum
750 3250 786 3314 in
809 3251 1033 3337 Peloponneso
1056 3278 1126 3321 ma·

130 3391 208 3433 num
228 3388 411 3453 comparare
430 3364 553 3448 sibique
571 3362 691 3426 bellum
712 3361 816 3426 facere
837 3365 965 3442 conari,
984 3365 1127 3444 Areten,

130 3479 245 3545 Dionis
275 3458 503 3595 uxorem,!alii
526 3478 666 3558 nuptum
690 3473 778 3537 dedit
800 3473 966 3560 filiumque
990 3478 1058 3543 eius
1080 3479 1127 3544 sic

132 3589 260 3657 educari
289 3590 398 3667 iussit,
431 3591 468 3651 ut
491 3586 689 3669 indulgendo
714 3584 906 3669 turpissimis
928 3587 1128 3657 imbueretur

988 3880 1030 3926 si,
1134 3908 1137 3915 .

1015 3934 1022 3946 .
