2460 4026
138 185 181 249 76
388 209 442 253 xv,
466 206 703 253 uuarnuounns.
731 189 828 253 7-9.

137 381 276 460 nuisset,
316 404 410 467 quam
446 383 517 466 lege
552 381 756 466 praefinitum
791 381 882 445 ieret.
919 380 1004 451 hanc
1039 380 1128 465 Epa·

136 491 305 558 minondas
330 515 401 558 cum
425 492 636 577 reipublicae
656 495 891 557 conservandae
912 514 1008 556 causa
1026 493 1129 558 latam

136 602 272 682 videret,
314 605 354 668 ad
389 604 563 688 perniciem
600 602 738 667 civitatis
776 602 919 668 conferre
954 604 1063 669 noluit
1099 609 1129 671 et

136 718 274 797 quatuor
308 715 469 780 mensibus
505 715 640 793 diutius,
677 737 773 799 quam
805 717 942 800 populus
972 716 1129 797 iusserat,

136 826 236 909 gessit
256 816 462 939 imperiuml

115 937 133 1001 8
181 937 357 1024 Postquam
386 940 516 1005 domum
547 939 683 1004 reditum
717 943 781 1018 est,
810 940 950 1024 collegae
973 940 1042 1005 eius
1067 936 1133 1007 hoo'

136 1049 269 1115 crimine
301 1051 542 1117 accusabantur.
575 1051 689 1135 quibus
722 1050 776 1115 ille
807 1052 967 1135 permisit,
996 1055 1034 1117 ut
1059 1074 1128 1118 om-

135 1183 210 1226 nem
242 1184 368 1242 causam
395 1163 430 1226 in
454 1184 487 1227 se
509 1162 721 1227 transferrent
744 1185 863 1247 suaque
885 1185 981 1246 opera
1005 1164 1130 1229 factum

134 1277 383 1352 contenderent,
419 1254 457 1337 ut
491 1274 555 1358 legi
590 1295 657 1337 non
690 1274 884 1339 oboedirent.
918 1294 981 1358 qua
1015 1273 1128 1340 defen-

133 1375 232 1449 sioire'
251 1386 315 1450 illis
343 1385 482 1469 periculo
509 1385 654 1449 liberatis
676 1406 769 1450 nemo
794 1383 1054 1469 Epaminondam
1078 1409 1129 1452 re·

133 1517 322 1578 sponsarum
354 1496 506 1580 putabat,
539 1496 643 1580 quod,
675 1496 751 1580 quid
776 1496 911 1575 diceret,
935 1518 1002 1560 non
1027 1497 1128 1564 habe-

98 1608 190 1691 aret.
224 1609 258 1671 at
288 1607 342 1671 illo
369 1607 404 1670 in
427 1607 579 1672 iudicium
604 1608 711 1686 venit,
735 1608 818 1672 nihil
840 1630 950 1673 eorum
974 1609 1128 1694 negavit,

134 1739 214 1803 quae
258 1714 431 1784 aduersarii
474 1719 601 1784 crimini
644 1718 778 1796 dabant;
819 1720 1006 1804 omniaque,
1046 1742 1130 1804 quae

38 1842 42 1847 ’
137 1829 277 1914 collegae
310 1831 472 1906 dixerant,
505 1809 666 1897 confessus
690 1835 738 1895 est
757 1852 859 1916 neque
882 1831 1040 1895 recusavit
1065 1854 1131 1916 quo

133 1941 240 2004 minus
262 1941 342 2025 legis
365 1965 504 2026 poenam
528 1942 665 2020 subiret,
692 1944 746 2007 sed
770 1966 869 2007 unum
891 1943 932 2007 ab
955 1943 994 2006 iis
1013 1944 1128 2026 petiit,

101 2056 171 2116 out
210 2051 245 2115 in
281 2053 425 2138 sepulcro
462 2075 519 2119 suo
555 2053 783 2121 inscriberem:
800 2034 1075 2161 b‘blpaminondas
1112 2079 1131 2120 a

134 2163 297 2229 Thebanis
327 2169 430 2230 morte
456 2165 612 2231 multatus
636 2170 701 2245 est,
726 2167 812 2250 quod
836 2187 888 2231 eos
914 2165 1018 2251 coegit
1041 2169 1131 2252 apud

133 2275 269 2341 Leuctra
297 2299 444 2361 superare
475 2277 759 2356 Lacedaemonios,
793 2299 873 2362 quos
906 2278 981 2341 ante
1008 2299 1044 2365 se¹
1064 2277 1130 2343 im-

133 2391 312 2471 peratorcm
346 2410 441 2453 nemo
476 2389 671 2454 Boeotorum
707 2412 801 2454 ausus
838 2393 885 2454 est
918 2389 1058 2472 aspicere
1094 2391 1130 2455 in

99 2499 216 2583 cacia,
269 2500 416 2584 quodque
459 2521 523 2565 uno
571 2502 690 2585 proelio
730 2522 796 2575 non
845 2501 948 2565 solum
996 2499 1127 2567 Thebas

133 2608 174 2672 ab
210 2609 345 2674 interitu
383 2605 629 2786 retraxisssed
670 2612 851 2676 universam
889 2611 1056 2676 Graeciam
1092 2614 1130 2678 in

132 2720 314 2785 libertatem
338 2723 498 2788 vindicavi
537 2744 637 2807 eoque
655 2745 706 2788 res
724 2725 933 2808 utrorumque
954 2724 1126 2809 perduxit,

133 2835 170 2897 ut
216 2833 360 2898 Thebani
403 2834 552 2920 Spartam
595 2839 839 2920 oppugnarent,
882 2834 1127 2902 Lacedaemonii

100 2922 209 3011 subtis
243 2945 416 3024 haberent,
453 2948 480 3012 si
515 2948 594 3012 salvi
631 2969 696 3012 esse
726 2949 872 3031 possent,
889 2942 1007 3055 lneque
1037 2948 1129 3032 prius

62 3050 66 3058 ’
133 3057 253 3122 bellare
273 3058 413 3137 destitit,
436 3081 532 3143 quam
552 3059 697 3125 Messene
716 3060 865 3124 restituta
884 3057 996 3122 urbem
1016 3079 1129 3125 eorum

135 3169 300 3234 obsidione
333 3168 467 3233 elausit’
500 3170 578 3235 haee
608 3192 680 3235 cum
703 3169 852 3246 dixisset,
877 3167 959 3232 risus
983 3170 1130 3235 omnium

135 3299 207 3343 cum
239 3281 402 3346 hilaritate
438 3284 565 3346 coortus
600 3284 665 3366 est,
702 3301 805 3365 neque
836 3280 1004 3365 quisquam
1032 3281 1131 3347 iudex

135 3412 230 3455 ausus
265 3396 313 3457 est
346 3397 384 3458 de
419 3414 456 3458 eo
493 3391 575 3458 ferre
598 3393 795 3478 suffragium.
821 3393 865 3457 sie
889 3415 908 3456 a
930 3392 1047 3457 iudicio
1073 3414 1129 3458 ca-

133 3502 211 3588 pitis
236 3503 374 3568 maxima
398 3504 541 3570 discessit
565 3504 676 3589 gloria.
719 3498 729 3517 ⁹

112 3617 132 3680 9
179 3615 242 3681 Hic
275 3619 415 3680 extremo
447 3621 589 3703 tempore
620 3617 794 3700 imperator
817 3618 903 3701 apud
925 3613 1128 3681 Mantineam
