2460 4026
160 212 223 274 106
464 228 518 271 xx.
555 225 729 271 rrnonnon.
756 208 786 270 4.
816 205 846 282 5,

158 426 254 487 quam
288 423 321 466 se
352 401 387 465 in
418 422 455 464 ea
485 422 519 463 re
550 400 687 463 maxime
711 398 771 462 diis
795 419 888 482 agere
913 399 1034 483 gratias
1057 403 1155 485 atque

160 514 294 591 habere,
330 512 432 596 quod,
466 532 538 575 cum
561 510 701 576 Siciliam
724 531 865 574 recreare
895 511 1159 587 constituissent,

133 629 230 690 ltum
253 648 285 689 se
308 622 510 708 potissimum
535 626 647 686 ducem
670 643 736 686 esse
760 622 952 686 voluissent:
975 622 1057 685 nihil
1070 624 1158 687 enim

161 760 268 801 rerum
292 736 506 798 humanarum
531 734 599 798 sine
618 737 752 798 deorum
767 733 900 797 numine
919 733 987 818 geri
1008 735 1157 817 putabat.

160 849 269 932 itaque
303 868 378 910 suae
424 846 511 909 domi
534 845 684 909 sacellum
716 844 919 910 Automatias
943 845 1156 910 constituerat

158 960 254 1042 idque
274 957 471 1022 sanctissime
492 957 626 1020 colebat.

161 1070 179 1134 5
228 1069 280 1134 Ad
302 1069 386 1133 hanc
406 1069 547 1132 hominis
566 1064 773 1133 excellentem
793 1068 971 1131 bonitatem
990 1068 1152 1133 mirabiles

160 1184 357 1246 accesserant
391 1201 490 1244 casus.
527 1202 603 1242 nam
638 1179 758 1264 proelia
793 1179 932 1242 maxima
966 1179 1070 1243 natali
1094 1201 1152 1245 suo

160 1294 211 1357 die
233 1293 312 1357 fecit
335 1292 460 1356 omnia:
486 1313 549 1374 quo
573 1291 694 1355 factum
719 1294 822 1355 estut
842 1313 915 1355 eum
935 1291 1019 1355 diem
1037 1290 1156 1356 festum

131 1404 293 1468 ahaberet
326 1403 475 1466 universa
513 1401 630 1467 Sicilia.
663 1403 737 1466 huic
771 1403 902 1487 quidam
939 1401 1157 1487 Laphystius,

161 1515 257 1578 homo
288 1513 437 1598 petulans
468 1516 501 1577 et
522 1513 687 1598 ingratum
715 1514 932 1578 vadimonium
958 1536 1031 1578 cum
1055 1515 1155 1579 vellet

159 1626 337 1710 imponere,
378 1626 464 1709 quod
499 1647 571 1689 oum
604 1626 660 1690 illo
693 1648 726 1690 se
749 1626 819 1709 lege
843 1645 936 1709 agere
959 1626 1095 1703 diceret,
1120 1631 1154 1690 et

163 1739 340 1822 complures
352 1738 606 1815 concurrissent,
620 1738 674 1822 qui
687 1737 913 1821 procacitatem
932 1736 1072 1801 hominis
1086 1759 1155 1800 ma-

160 1850 256 1913 nibus
291 1855 432 1913 coercere
467 1854 679 1927 conarentur,
704 1849 871 1913 Timoleon
895 1847 999 1913 oravit
1023 1868 1154 1924 omncs,

162 1981 203 2023 ne
235 1960 268 2022 id
302 1958 453 2023 facerent.
491 1982 629 2043 namque
662 1961 695 2023 id
730 1964 766 2023 ut
797 1960 972 2043 Laphystio
997 1963 1029 2024 et
1053 1959 1155 2023 cnivis

159 2071 288 2148 liceret,
309 2092 342 2134 se
362 2070 518 2134 maximos
538 2070 662 2135 labores
682 2093 869 2156 summaque
888 2071 989 2135 adisse
1001 2070 1152 2154 pericula.

159 2183 243 2246 hanc
267 2182 354 2246 enim
378 2183 513 2267 speciem
537 2183 696 2248 libertatis
721 2206 804 2262 esse,
831 2185 858 2248 si
882 2184 1046 2261 omnibus,
1067 2183 1154 2267 quod

131 2294 293 2378 aquisque
329 2294 443 2377 vellet,
478 2295 606 2379 legibus
640 2296 775 2379 experiri
797 2296 916 2362 liceret.
952 2296 1055 2372 idem,
1080 2316 1152 2358 cum

159 2406 288 2490 quidam
324 2405 493 2489 Laphystii
529 2406 658 2483 similis,
694 2406 823 2471 nomine
853 2400 1084 2486 Demaenetus,
1117 2405 1153 2468 in

160 2518 309 2582 contione
344 2516 455 2601 populi
490 2517 528 2580 de
560 2517 655 2580 rebus
679 2518 776 2601 gestis
801 2518 867 2581 eins
891 2516 1056 2580 detrahere
1080 2537 1152 2580 coe*

158 2629 256 2711 pisset
286 2651 323 2692 ac
351 2628 511 2692 nonnulla
540 2629 744 2692 inveheretur
766 2629 801 2692 in
824 2628 1048 2706 Timoleonta,
1071 2627 1152 2691 dixit

159 2734 254 2803 nunc'
270 2740 397 2803 demum
421 2762 454 2803 se
476 2741 542 2804 voti
565 2762 632 2804 esse
657 2743 864 2805 damnatum:
889 2760 1028 2823 namque
1052 2738 1114 2802 hoo
1133 2760 1152 2801 a

157 2849 217 2913 diis
249 2850 483 2916 immortalibus
514 2874 637 2936 semper
667 2855 849 2937 precatum,
874 2853 911 2915 ut
932 2851 1030 2914 talem
1053 2850 1151 2913 liber·

158 2962 257 3024 tatem
293 2963 474 3027 restitueret
506 2963 728 3047 Syracusanis,
754 2964 788 3026 in
813 2985 877 3046 qua
901 2960 1000 3026 cuivis
1023 2961 1151 3037 liceret,

158 3073 196 3137 de
220 3096 284 3158 quo
308 3075 405 3138 vellet
430 3078 515 3158 quod
539 3076 636 3139 vellet
659 3076 789 3158 impune
814 3074 926 3137 dicere.

128 3199 144 3244 a
203 3185 266 3251 Hic
290 3208 362 3250 cum
386 3187 469 3250 diem
494 3209 676 3271 supremum
701 3186 835 3262 obisset,
860 3184 988 3268 publice
1011 3206 1031 3248 a
1054 3181 1150 3266 Syra·

158 3299 283 3362 cusanis
316 3299 351 3362 in
387 3298 573 3382 gymnasio,
609 3298 695 3381 quod
726 3295 982 3360 Timoleonteum
1006 3293 1150 3379 appella-

159 3411 230 3485 tur,
254 3411 324 3472 tota
347 3409 529 3473 celebrante
550 3408 658 3473 Sicilia
681 3408 823 3492 sepultus
848 3409 905 3473 est.
