2460 4026
522 214 554 256 x,
579 212 667 257 mou.
696 195 723 257 1.
753 195 783 259 2.
1087 200 1129 264 47

131 386 268 451 Dionem
288 384 613 449 administrabantur:
634 407 713 470 quas
733 386 862 470 quidem
882 387 936 451 ille
958 389 1128 473 diligenter

131 499 299 575 obeundo,
329 497 466 560 fideliter
496 497 750 561 administrando
783 499 1034 563 crudelissimum
1068 525 1123 566 no·

131 633 206 675 men
236 609 369 693 tyranni
400 630 457 672 sua
487 608 689 673 humanitate
719 610 857 693 tegebat.
892 611 978 675 hunc
1002 635 1021 675 a
1045 613 1155 677 Dio-4

130 721 222 804 nysio
263 719 395 783 missum
430 718 710 802 Carthaginienses
744 720 789 783 sic
823 726 1052 804 suspexerunt,
1089 729 1125 788 ut

130 831 291 895 neminem
325 852 477 914 umquam
514 829 633 894 Graeca
663 830 775 914 lingua
804 832 989 915 loquentem
1022 837 1124 920 magis

132 944 199 1006 sint
223 941 411 1048 admiratk-

171 1053 288 1139 Neque
336 1074 408 1117 vero
456 1053 535 1117 hacc
581 1051 771 1136 Dionysium
819 1055 1006 1138 fugiebant:
1052 1061 1157 1127 nam2

128 1170 249 1249 quanto
284 1168 366 1228 esset
400 1164 462 1228 sibi
497 1169 687 1228 ornamento
727 1166 895 1230 sentiebat.
937 1148 999 1252 quo
1030 1169 1127 1234 fiebat

127 1280 165 1341 ut
199 1276 256 1341 uni
290 1275 364 1340 huic
399 1275 535 1339 maxime
570 1276 753 1360 indulgeret
788 1299 890 1362 neque
927 1301 999 1343 eum
1036 1302 1124 1344 secus

127 1389 275 1472 diligeret
306 1411 343 1452 ac
373 1387 492 1451 filium:
523 1388 747 1471 quiquidem,
773 1411 845 1453 cum
871 1389 1039 1455 Platonem
1063 1392 1153 1456 Tar-2

126 1503 256 1566 rentum
287 1500 410 1565 venisse
441 1499 528 1565 fama
550 1501 586 1563 in
609 1499 749 1565 Siciliam
774 1505 856 1566 esset
879 1501 1022 1586 perlata,
1048 1504 1125 1567 adc-

101 1611 276 1689 ‚lescenti‚
309 1633 381 1675 cum
406 1611 474 1675 eius
499 1611 648 1675 audiendi
673 1613 848 1695 cupiditate
872 1613 1042 1697 flagraret,
1068 1637 1124 1678 ne·

126 1744 203 1808 gare
234 1744 301 1787 non
333 1723 473 1807 potuerit
504 1723 583 1806 quin
614 1745 685 1786 eum
717 1725 1018 1817 arcesseretldedit
1048 1746 1123 1809 ergo

99 1916 102 1921 Ι
124 1835 199 1899 huic
219 1834 347 1900 veniam
367 1854 548 1918 magnaque
569 1856 640 1899 eum
663 1835 840 1899 ambitione
859 1836 1033 1919 Syracusas
1052 1858 1122 1920 per·

99 1926 227 2012 fduxit.
262 1967 358 2031 quem
392 1945 478 2010 Dion
516 1948 594 2010 adeo
627 1946 803 2011 admiratus
837 1952 885 2011 est
918 1952 1014 2031 atquc
1046 1951 1151 2012 ada-3

123 2059 242 2135 mavit,
275 2061 311 2121 ut
342 2078 375 2121 se
407 2058 437 2122 ei
467 2061 572 2122 totum
603 2059 751 2121 traderet.
786 2080 888 2142 neque
919 2080 992 2123 vero
1016 2059 1123 2123 miuus

123 2171 190 2255 ipse
222 2170 316 2235 Plato
347 2169 521 2233 delectatus
555 2173 603 2232 est
633 2158 885 2271 Dione.t3itaque
917 2191 989 2233 cum
1022 2191 1040 2232 a
1069 2173 1121 2253 ty-

122 2301 229 2344 ranno
252 2278 420 2344 crudeliter
440 2279 577 2344 violatus
589 2282 687 2356 esset,
701 2260 820 2364 quippe
833 2280 972 2363 quicum
987 2303 1118 2345 venum-

121 2391 193 2455 dari
227 2389 384 2468 iussisset,
421 2394 531 2455 tamen
566 2391 676 2455 eodem
706 2390 801 2455 rediit
817 2386 974 2485 {eiusdem
1005 2391 1121 2456 Dionis

120 2502 269 2587 precibus
300 2504 465 2566 adductus.
498 2502 626 2565 interim
656 2502 691 2565 in
727 2503 874 2566 morbum
903 2503 1018 2567 incidit
1040 2502 1148 2568 Dio-4

120 2614 242 2699 nysius.
280 2636 344 2698 qno
381 2635 453 2677 cum
489 2614 580 2696 gravi
614 2614 874 2691 condideretur,
909 2614 1068 2698 quaesivit
1102 2637 1120 2678 a

118 2724 251 2791 medicis
282 2725 387 2802 Dion,
419 2726 685 2808 quemadmodum
719 2748 751 2790 se
782 2725 930 2804 haberet,
961 2727 1118 2810 simulque
1185 2809 1188 2814 .

118 2836 160 2901 ab
190 2836 231 2901 iis
262 2837 372 2920 petiit,
404 2835 432 2899 si
461 2836 545 2900 forte
575 2837 610 2900 in
642 2837 761 2901 maiore
794 2839 876 2900 esset
898 2837 1057 2921 periculo,
1083 2841 1119 2901 ut

118 2946 181 3011 sibi
213 2947 409 3012 faterentur:
445 2970 521 3011 nam
558 2948 639 3012 velle
674 2970 707 3012 se
736 2970 808 3012 curn
839 2970 875 3012 eo
908 2949 1048 3033 colloqui
1080 2950 1118 3036 de

117 3058 285 3143 partiendo
329 3080 448 3143 regn0‚
489 3060 575 3143 quod
609 3059 725 3124 sororis
760 3082 834 3124 suae
869 3061 952 3125 filios
988 3083 1026 3124 ex
1061 3034 1117 3123 illo

116 3174 213 3236 natos
242 3175 366 3256 partem
399 3171 492 3256 regni
522 3172 658 3256 putabat
690 3172 804 3236 debere
837 3172 963 3236 habere.
992 3172 1027 3234 id
1049 3190 1144 3236 mre-5

116 3282 181 3348 dici
211 3304 279 3349 non
308 3285 479 3347 tacuerunt
509 3286 542 3346 et
573 3287 614 3348 ad
646 3282 836 3367 Dionysium
869 3284 971 3347 filium
995 3305 1115 3348 sermo-

115 3416 190 3459 nem
213 3394 419 3459 rettulerunt.
445 3416 509 3478 quo
533 3395 587 3459 illa
610 3399 805 3471 commotus,
831 3417 871 3458 ne
896 3394 1014 3478 agendi
1033 3397 1116 3459 esset

114 3504 212 3571 Dioni
242 3507 402 3590 potestas,
436 3505 521 3589 patri
551 3526 697 3589 soporem
729 3504 868 3568 medicos
897 3506 973 3570 dare
997 3504 1111 3589 codgit.

113 3616 175 3683 hoa
198 3637 293 3702 aeger
316 3621 421 3682 sumto
446 3616 530 3682 diem
554 3616 635 3681 obiit
658 3638 853 3700 supremum.

74 3746 147 3835 ξ,
