2460 4026
135 202 177 265 18
432 219 484 264 111.
519 219 692 264 rarsrrous.
730 200 831 263 1-2.

416 452 484 526 ΙΠ.
534 451 796 526 ualeamus

109 618 126 681 1
174 613 349 692 Aristides,
381 613 566 698 Lysimachi
597 613 698 692 filius,
730 613 949 691 Atheniensis,
985 617 1129 700 aequalis

128 728 194 794 fere
224 727 288 791 fuit
318 726 537 791 Themistocli.
576 725 684 810 itaque
717 748 788 790 cum
812 747 849 790 eo
874 729 913 790 de
941 726 1127 812 principatu

99 838 308 906 acontendit:
351 860 489 922 namque
528 838 754 902 obtrectarunt
794 839 879 902 inter
919 861 961 902 se.
1007 840 1042 903 in
1077 841 1129 906 his

128 954 234 1015 autem
268 950 434 1034 cognitum
476 953 540 1028 est,
581 953 703 1033 quanto
736 952 911 1014 antestaret
943 949 1128 1034 eloquentia

125 1061 340 1127 innocentiae.
384 1084 579 1146 quamquam
616 1062 702 1126 enim
734 1061 811 1125 adeo
846 1062 1018 1127 excellebat
1049 1062 1128 1127 Ari-

125 1175 223 1239 stides
246 1174 458 1251 abstinentia,
484 1176 521 1237 ut
539 1195 622 1237 unus
647 1176 722 1257 post
739 1173 906 1237 hominum
926 1175 1123 1257 memoriam,

86 1358 90 1366 ¹
127 1308 221 1370 quem
254 1286 381 1369 quidem
413 1306 471 1348 nos
500 1284 710 1368 audierimus,
735 1285 926 1369 cognomine
950 1286 1059 1351 Iustus
1082 1286 1129 1350 sit

125 1397 320 1481 appellatus,
348 1398 459 1460 tamen
481 1394 732 1460 aThernistocle
756 1397 982 1462 collabefactus
1005 1397 1127 1462 testula

98 1508 181 1573 ailla
211 1507 304 1571 exilio
325 1510 452 1572 decem
483 1529 642 1571 annorum
673 1507 828 1572 multatus
863 1511 919 1573 est.
963 1509 1019 1592 qui
1051 1510 1125 1592 qui-

128 1621 200 1682 dem
231 1641 304 1683 cum
333 1618 530 1704 intelligeret
560 1619 691 1704 reprimi
719 1620 912 1684 concitatam
937 1621 1124 1684 multitudi-

128 1710 213 1795 nem
232 1753 299 1795 non
322 1752 431 1815 posse,
457 1733 633 1816 cedensque
658 1731 935 1796 animadvertisset
961 1733 1122 1816 quendam

127 1842 338 1921 scribentem,
358 1846 396 1906 ut
414 1843 519 1928 patria
539 1844 728 1930 pelleretur,
750 1844 908 1927 quaesisse
929 1844 968 1907 ab
989 1865 1025 1908 eo
1043 1845 1125 1909 dici-

126 1957 194 2032 tur,
216 1976 314 2038 quare
336 1955 369 2018 id
398 1953 517 2019 faceret
539 1959 594 2019 aut
614 1955 691 2040 quid
713 1953 869 2019 Aristides
894 1956 1125 2034 commisisset,

97 2082 181 2131 tour
203 2068 295 2131 tanta
313 2088 419 2151 poena
447 2067 565 2150 dignus
590 2068 768 2147 duceretur.
788 2067 856 2131 cui
878 2066 932 2130 ille
953 2068 1124 2150 ⁴respondit

125 2199 158 2242 se
188 2177 338 2262 ignorare
367 2179 559 2257 Aristidem,
595 2181 649 2243 sed
680 2178 741 2242 sibi
770 2200 837 2242 non
868 2178 1010 2261 placere,
1035 2178 1122 2261 quod

126 2292 194 2354 tam
217 2290 330 2376 cupide
352 2290 551 2369 laborasset,
576 2294 613 2354 ut
635 2293 761 2374 praeter
784 2293 903 2353 ceteros
930 2290 1040 2354 Iustus
1065 2313 1125 2374 ap·

126 2403 308 2487 pelleretur.
354 2401 406 2465 hic
437 2403 544 2466 decem
581 2423 739 2466 annorum
771 2401 947 2484 legitimam
984 2422 1121 2484 poenam

99 2531 192 2579 cnon
231 2514 375 2599 pertulit.
421 2535 496 2577 uam
531 2516 702 2598 postquam
734 2512 854 2576 Xerxes
886 2512 921 2575 in
954 2512 1120 2577 Graeciam

126 2623 308 2702 descendit,
338 2627 427 2689 sexto
459 2625 525 2689 fere
546 2646 633 2688 anno
660 2647 754 2708 quam
778 2627 846 2688 erat
870 2625 1037 2709 expulsae,
1062 2647 1123 2710 po·

127 2735 195 2819 puli
217 2736 296 2800 scito
318 2737 354 2800 in
374 2736 511 2820 patriam
534 2737 701 2800 restitutus
727 2740 785 2804 est.

103 2847 123 2911 2
169 2846 323 2912 Interfuit
361 2852 468 2912 autem
501 2869 630 2933 pugnae
669 2848 777 2912 navali
812 2851 897 2932 apud
939 2846 1123 2927 Salamina,

125 2980 207 3043 quae
236 2959 322 3023 facta
350 2963 397 3024 est
428 2961 517 3044 prius
547 2982 644 3044 quam
674 2981 778 3044 poena
801 2959 998 3023 liberaretur.
1034 2952 1119 3022 id'em

125 3074 255 3155 praetor
279 3070 342 3135 fuit
373 3070 618 3136 Atheniensium
642 3071 725 3155 apud
751 3070 897 3134 Plataeas
921 3071 955 3133 in
980 3071 1121 3155 proelio,

127 3205 190 3269 quo
222 3184 429 3250 barbarorum
461 3183 615 3248 exercitus
645 3183 734 3247 fusus
758 3186 790 3247 et
809 3182 994 3246 Mardonius
1017 3183 1120 3246 inter-

125 3295 227 3359 fectus
261 3300 319 3360 est.
367 3317 469 3379 neque
501 3294 587 3358 aliud
611 3297 659 3359 est
682 3294 784 3358 ullum
807 3294 901 3357 huius
923 3294 958 3357 in
978 3315 1012 3357 re
1032 3294 1119 3357 mili-

127 3407 189 3470 tari
214 3406 338 3471 illustre
376 3406 499 3471 factum
537 3428 633 3490 quam
666 3405 761 3469 huius
791 3405 916 3489 imperii
950 3405 1120 3482 memoria,

124 3518 265 3583 iustitiae
295 3539 369 3582 vero
401 3519 434 3581 et
457 3517 627 3602 aequitatis
653 3520 685 3581 et
710 3517 911 3579 innocentiae
936 3516 1056 3592 multa,
1082 3516 1117 3579 in

114 3631 250 3713 primis,
274 3629 360 3714 quod
385 3630 451 3694 eius
464 3628 758 3714 aequitatefactum
783 3631 848 3705 est,
874 3650 945 3692 cum
969 3627 1004 3690 in
1029 3647 1119 3690 com·
