2460 4026
144 213 164 277 6
466 231 490 274 1.
514 230 694 275 marmores.
719 210 750 273 4.
776 209 807 275 5.

141 405 294 469 auxilium
329 424 487 486 nusquam
522 403 584 467 nisi
619 424 639 465 a
673 401 933 467 Lacedaemoniis
967 400 1133 486 petierunt

141 515 428 601 Phidippidemque
458 535 618 578 cursorem
648 514 715 578 eius
738 513 880 599 generis,
906 512 962 597 qui
984 513 1133 578 hemero-

141 630 269 692 dromoe
292 629 463 710 vocantur,
490 625 759 691 Lacedaemonem
783 626 958 703 miserunt,
982 625 1021 688 ut
1043 646 1133 688 nun·

112 741 252 816 afflaret,
283 760 378 823 quam
410 737 504 803 celeri
536 759 615 821 opus
645 741 728 801 esset
758 737 885 801 auxilio.
912 736 999 800 domi
1023 738 1131 800 autem

140 853 252 916 creant
282 837 387 913 decem
413 852 591 934 praetores,
616 850 672 934 qui
696 849 847 914 exercitui
870 852 1072 932 praeessent,
1095 847 1132 912 in

40 995 42 1000 v
140 963 179 1026 iis
202 960 389 1024 Miltiadem.
414 960 500 1025 inter
521 982 601 1044 quos
620 981 739 1045 magna
759 959 823 1024 fuit
834 959 1007 1036 contentio,
1021 962 1131 1024 utrum

140 1073 307 1139 moenibus
340 1093 373 1136 se
403 1072 628 1150 defenderent,
661 1093 702 1135 an
727 1071 853 1136 obviam
877 1070 962 1134 irent
983 1069 1132 1135 hostibus

113 1186 267 1269 sacieque
298 1185 511 1249 decernerent.
544 1205 627 1247 unus
657 1182 818 1247 Miltiades
842 1183 978 1246 maxime
1001 1182 1130 1249 niteba-

140 1301 212 1375 tur,
245 1298 282 1360 ut
313 1294 417 1380 primo
450 1315 576 1379 quoque
599 1297 742 1377 tempore
766 1296 869 1359 castra
892 1294 1022 1359 fierent:
1047 1294 1081 1358 id
1104 1295 1133 1359 si

66 1457 68 1461 -
140 1408 261 1472 fluctum
293 1409 388 1482 esset,
420 1409 453 1469 et
483 1405 605 1470 civibus
634 1405 776 1470 animum
808 1426 1025 1484 accessurum,
1058 1427 1131 1471 cum

54 1516 59 1526 ’
141 1518 285 1584 viderent
316 1517 354 1582 de
385 1538 495 1581 eorum
527 1518 646 1581 virtute
677 1538 744 1580 non
769 1517 946 1600 desperari,
970 1519 1002 1580 et
1024 1516 1133 1582 hostes

139 1630 249 1695 eadem
280 1651 314 1693 re
344 1627 413 1693 fore
443 1630 616 1706 tardiores,
647 1630 674 1694 si
705 1629 996 1694 animadverterent
1023 1627 1133 1691 auderi

142 1747 292 1808 adversus
317 1763 349 1806 se
373 1743 440 1804 tam
464 1741 586 1824 exiguis
609 1741 707 1825 copiis
731 1741 884 1805 dimicari.

118 1854 138 1917 5
186 1853 257 1917 Hoc
279 1854 315 1915 in
339 1854 481 1944 tempore
504 1851 594 1915 nulla
618 1852 730 1931 civitas
750 1850 1001 1917 Atheniensibus
1014 1851 1132 1916 auxilio

139 1965 203 2028 fuit
244 1965 370 2047 praeter
412 1961 624 2028 Plataeenses.
667 1985 704 2027 ea
739 1963 826 2028 mille
861 1963 950 2028 misit
981 1964 1133 2030 militum.

140 2076 249 2160 itaque
272 2074 387 2138 horum
411 2073 550 2137 adventu
575 2076 683 2137 decem
703 2057 807 2138 ¹millia
826 2077 1022 2138 armatorum
1043 2096 1132 2139 com-

141 2185 228 2270 pleta
260 2189 353 2270 sunt7
378 2207 459 2269 quae
483 2207 597 2249 manus
621 2185 760 2250 mirabili
782 2186 942 2270 flagrabat
962 2189 1132 2271 pugnandi

113 2298 324 2381 acupiditate.
363 2318 426 2380 quo
460 2296 582 2361 factum
614 2301 662 2361 est
693 2300 731 2361 nt
762 2299 834 2383 plns
866 2321 962 2382 quam
991 2299 1133 2385 collegae

141 2408 302 2473 Miltiades
326 2409 456 2474 valeretss
481 2408 548 2472 eius
572 2429 647 2493 ergo
672 2410 861 2474 auctoritate
884 2410 1013 2494 impulsi
1026 2410 1133 2476 Athe·

141 2520 266 2584 nienses
308 2520 415 2604 copias
450 2541 488 2584 ex
523 2520 602 2583 urbe
637 2519 815 2584 eduxerunt
848 2521 980 2605 locoque
1015 2523 1133 2588 idoneo

114 2635 248 2698 acastre
276 2632 430 2697 fecerunt.
463 2631 536 2695 dein
566 2635 702 2714 postero‘
724 2633 774 2696 die
806 2632 865 2697 sub
896 2633 1014 2697 montis
1045 2635 1133 2698 radi·

141 2745 230 2809 cibus
262 2743 329 2807 acie
359 2742 517 2807 instructa
533 2743 679 2827 'regione
709 2767 777 2808 non
801 2744 1000 2828 apertissima
1023 2746 1132 2830 (nam-

142 2878 204 2940 que
228 2856 355 2919 arbcres
378 2854 489 2918 multis
511 2853 589 2918 locis
612 2856 705 2918 erant
727 2856 841 2940 rarae),
865 2856 1020 2939 proelium
1043 2878 1132 2921 com-

144 2968 298 3032 miserunt
328 2966 388 3030 hoc
412 2965 564 3043 consili0‚
589 2968 626 3029 ut
649 2970 682 3030 et
705 2966 865 3030 montium
889 2968 1059 3032 altitudine
1083 2971 1133 3034 te-

142 3082 294 3163 gerentur
325 3082 357 3142 et
380 3077 530 3141 arborum
553 3081 659 3142 tractu
683 3079 844 3161 equitatus
865 3078 1006 3143 hostium
1030 3079 1133 3165 impe-

113 3193 279 3269 4diretnr,
304 3212 345 3255 ne
368 3189 574 3253 multitudine
597 3190 829 3255 clauderentur.
852 3188 963 3269 Datis,
986 3192 1046 3256 etsi
1066 3214 1134 3258 non

143 3325 278 3386 aequum
312 3304 418 3368 locum
454 3303 584 3367 videbat
619 3303 698 3380 suis,
734 3305 844 3366 tamen
875 3301 976 3368 fretus
999 3325 1134 3368 numero

144 3415 305 3497 copiarum
341 3437 469 3480 auarum
501 3414 672 3498 confligere
703 3414 867 3497 cupiebat,
901 3435 1000 3498 eoque
1030 3415 1135 3499 magis

143 3527 247 3611 quod,
291 3527 475 3611 priusquam
515 3525 757 3590 Lacedaemonii
792 3524 932 3589 subsidio
966 3526 1134 3604 venirent,

142 3638 292 3702 dimicare
328 3638 407 3702 utile
442 3636 669 3702 arbitrabatur.
705 3637 813 3721 itaque
845 3637 881 3701 in
911 3637 1012 3701 aciem
1043 3615 1135 3722 pedi-
