2460 4026
167 205 209 269 26
483 221 529 264 vr.
554 219 731 264 ursnnnnu.
758 200 788 265 1.
914 280 923 288 ,

165 417 339 482 pacemque
382 395 467 459 inter
509 395 587 458 duas
627 393 864 478 potentissimas
899 392 1046 460 civitates
1080 416 1159 460 con-

136 507 296 574 sciliavit.
322 509 412 591 post,
432 528 536 590 neque
553 506 599 569 ita
618 505 737 582 multo,
758 503 899 589 Cyprum
919 512 993 569 cum
1013 508 1160 581 ducentis

166 619 302 685 navibus
334 619 509 702 imperator
532 618 663 694 missus,
689 639 759 682 oum
783 617 936 681 maiorem
959 620 1084 701 partem
1108 620 1160 683 in-

167 731 254 797 sulae
289 728 473 807 devicisset,
511 729 546 792 in
580 728 727 793 morbum
760 727 935 813 implicitus
969 727 1005 791 in
1040 731 1159 814 oppido

168 841 252 906 Citio
275 843 324 904 est
346 843 501 906 mor-tuus.

136 954 158 1018 4
210 950 308 1015 Hunc
344 949 554 1015 Athenienses
585 972 651 1015 non
674 951 777 1015 solum
800 950 835 1014 in
858 948 958 1033 bello,
985 951 1161 1018 sedetiam

166 1064 202 1128 in
232 1086 308 1148 paco
338 1063 393 1127 diu
416 1063 684 1128 desideraverunt.
708 1063 771 1126 fuit
794 1063 879 1127 onim
902 1064 995 1126 tanta
1017 1063 1161 1128 liberali·

167 1178 251 1252 tate,
275 1198 347 1240 cum
374 1174 593 1258 compluribus
616 1174 693 1239 locis
716 1175 846 1259 praedia
868 1173 1041 1259 hortosque
1061 1175 1160 1241 habe-

167 1291 233 1365 ret,
267 1291 303 1351 ut
332 1309 507 1370 numquam
534 1287 569 1350 in
594 1286 633 1350 iis
656 1289 818 1350 custodem
842 1285 1000 1370 posuerit,
1026 1287 1161 1371 nequis

167 1396 393 1481 impediretur,
424 1419 488 1483 quo
520 1399 626 1462 minus
657 1397 724 1462 eius
748 1398 860 1475 rebus,
885 1397 1002 1480 quibus
1025 1399 1162 1484 quisque

140 1509 282 1586 duellet,
299 1508 482 1605 frueretur.
515 1533 637 1595 semper
669 1533 742 1575 eum
765 1509 945 1595 pedissequi
968 1531 1041 1574 oum
1065 1534 1162 1574 num·

168 1621 229 1684 mis
257 1623 333 1684 sunt
356 1623 474 1700 secuti,
496 1627 547 1700 ut,
572 1623 599 1688 si
623 1622 693 1707 quis
717 1621 791 1707 opis
810 1622 877 1686 eius
900 1621 1078 1706 indigeret,
1104 1623 1162 1687 ha-

168 1734 276 1818 beret,
312 1737 397 1817 qnod
434 1736 543 1799 statim
580 1738 687 1813 daret,
723 1757 764 1799 ne
795 1734 969 1798 differendo
1002 1733 1165 1798 videretur

169 1865 296 1927 negare.
331 1867 442 1929 saepe,
475 1868 547 1909 cum
580 1846 718 1929 aliquem
741 1846 896 1910 offensum
919 1844 1051 1908 fortuna
1076 1845 1165 1909 vide·

170 1956 220 2018 ret
261 1954 367 2018 minus
409 1956 491 2020 bene
525 1957 691 2033 vestitum,
729 1979 823 2021 suum
858 1955 1030 2020 amiculum
1065 1955 1162 2020 dedit.

142 2065 312 2149 slqnotidie
343 2066 388 2131 sio
421 2090 499 2132 oena
530 2069 559 2132 ei
580 2067 792 2152 coquebatur,
816 2072 870 2145 ut,
894 2088 973 2151 quos
997 2067 1164 2132 invocatos

171 2177 301 2242 vidisset
330 2179 366 2242 in
389 2177 477 2257 foro,
502 2201 611 2244 omnes
636 2183 779 2244 vocaret:
804 2182 891 2263 quod
913 2179 1016 2242 facere
1037 2178 1164 2241 nullum

172 2290 254 2354 diem
298 2289 543 2356 intermittebat.
579 2292 662 2356 nulli
696 2293 774 2358 fides
812 2291 896 2368 eius,
934 2289 1015 2353 nulli
1050 2310 1163 2373 opere,

171 2401 253 2465 nulli
276 2423 326 2464 res
348 2399 515 2466 familiaris
539 2403 654 2467 defuit:
682 2404 801 2467 multos
825 2400 1051 2485 locupletavit,
1076 2421 1163 2465 com-

170 2512 276 2595 plures
306 2535 460 2598 panperes
492 2516 651 2591 mortuos,
685 2514 741 2597 qui
772 2514 857 2578 unde
888 2513 1076 2577 efferrentur
1097 2532 1166 2575 non

143 2623 386 2706 areliquisscnt,
422 2646 478 2689 suo
511 2627 618 2689 sumtu
649 2625 774 2688 extulit.
807 2625 853 2689 sic
884 2646 916 2688 se
940 2623 1080 2707 gerendo
1104 2622 1165 2686 mi-

172 2735 258 2799 nime
288 2737 336 2799 est
366 2736 565 2816 mirandum,
598 2735 625 2800 si
657 2741 689 2800 ot
717 2736 784 2800 vita
815 2735 882 2800 eius
913 2733 976 2797 fuit
999 2755 1110 2798 secura
1134 2735 1167 2797 ot

174 2866 259 2912 mors
282 2846 405 2911 acerba.
442 2842 444 2847 ’
534 2923 536 2928 ,

560 3105 753 3120 „.....-—--

467 3318 529 3391 VI.
554 3314 825 3390 LYSANDER.

147 3501 162 3567 l
219 3499 383 3584 Lysander
432 3497 701 3565 Lacedaemonius
747 3516 899 3581 magnam
945 3492 1076 3577 reliquit
1118 3491 1168 3556 sui

178 3616 314 3692 famam,
339 3614 442 3699 magis
465 3612 618 3678 felicitate
641 3630 737 3694 quam
761 3607 879 3671 virtute
899 3608 1042 3690 partam:
1063 3603 1168 3669 Athe·
