2460 4026
148 140 190 224 14
244 114 246 119 Ι
348 132 351 137 .
428 176 466 221 11.
489 175 730 222 uurursroonns.
758 157 788 220 6.
815 158 877 244 7„
941 190 944 196 ,

147 352 258 436 dique,
285 349 370 435 quod
392 349 543 414 idoneum
567 349 607 413 ad
630 348 839 414 muniendum
863 352 1032 434 putarent,
1057 370 1144 414 con-

146 464 302 548 gererent.
348 482 412 545 quo
454 460 576 524 factum
615 464 663 524 est
696 462 734 525 ut
769 460 1017 526 Atheniensium
1053 461 1141 527 muri

147 596 186 639 ex
210 573 332 638 sacellis
354 571 591 657 sepulchrisque
616 575 812 637 constarent.

120 688 138 752 7
193 685 421 750 Themistocles
467 687 592 757 autem.
639 687 677 748 ut
717 684 986 749 Lacedaemonem
1031 684 1143 762 venit,

148 797 234 862 adire
257 796 297 860 ad
321 794 528 880 magistratus
547 795 655 860 noluit
671 800 704 860 et
724 797 812 860 dedit
832 817 971 880 operam,
991 799 1139 880 utquam

147 906 332 991 longissime
364 910 491 991 tempus
521 907 667 984 duceret,
700 929 827 972 causam
862 909 1073 991 interponens
1105 928 1143 972 se

44 1099 46 1108 Ι
123 1018 289 1103 acollegas
333 1021 509 1103 expectare.
547 1039 618 1082 cum
653 1018 894 1083 Lacedaemonii
929 1021 1144 1102 quererentur

148 1150 229 1214 opus
260 1129 363 1193 nihilo
386 1129 494 1194 minus
516 1129 585 1194 fieri
608 1152 743 1214 eumque
765 1131 801 1194 in
824 1152 918 1194 ecre
943 1130 1053 1194 conari
1074 1129 1143 1193 fal-

147 1241 230 1318 lere,
262 1241 391 1305 interim
422 1241 537 1325 reliqui
562 1241 662 1326 legati
684 1246 760 1306 sunt
783 1241 953 1306 consecuti.
978 1264 998 1306 a
1021 1241 1143 1326 quibus

147 1374 220 1417 eum
252 1351 391 1416 audisset
420 1372 486 1416 non
517 1351 656 1416 multum
680 1375 843 1437 superesse
866 1352 1071 1429 munitionis,
1097 1353 1139 1416 ad

147 1463 282 1548 ephoros
304 1462 627 1528 Lacedaemoniorum
651 1464 800 1542 accessit,
825 1487 922 1549 penes
948 1487 1027 1549 quos
1050 1488 1138 1530 sum-

148 1597 237 1639 mum
265 1577 334 1638 erat
355 1575 542 1659 imperium,
567 1579 662 1661 atque
687 1576 771 1660 apud
794 1597 847 1641 eos
870 1578 1036 1642 contendit
1057 1577 1144 1642 falsa

146 1686 186 1750 iis
218 1707 284 1749 esse
312 1686 433 1752 delata:
460 1709 558 1771 quare
581 1708 717 1770 aequum
741 1709 807 1751 esse
830 1687 903 1753 illos
926 1689 1012 1754 viros
1035 1688 1141 1755 bonos

149 1796 334 1887 nobilesque
363 1797 503 1873 mittere,
537 1797 592 1881 qui
623 1820 690 1862 rem
715 1797 931 1880 explorarent:
957 1800 1081 1864 interea
1103 1822 1140 1864 se

120 1907 290 1972 sebsidem
313 1908 498 1974 retinerent.
522 1911 631 1993 gestus
653 1912 702 1972 est
724 1909 753 1973 ei
777 1930 863 1994 mos,
888 1912 1014 1994 tresque
1038 1911 1138 1995 legati
1166 1946 1170 1958 ·

146 2018 251 2083 functi
282 2021 413 2085 summis
444 2020 619 2084 honoribus
649 2020 797 2085 Athenas
827 2021 915 2085 missi
946 2024 1031 2088 sunt.
1064 2023 1137 2087 cum

147 2129 198 2195 his
229 2131 368 2216 collegas
391 2153 464 2197 suos
487 2133 715 2198 Themistocles
739 2133 832 2197 iussit
854 2133 1012 2217 proficisci
1034 2133 1140 2217 iisque

147 2244 323 2328 praedixit,
366 2248 403 2309 ut
446 2267 487 2309 ne
529 2245 617 2330 prius
656 2244 978 2309 Lacedaemoniorum
1013 2244 1139 2328 legatos

147 2353 346 2420 dimitterent
365 2378 472 2440 -quam
504 2358 571 2440 ipse
599 2358 681 2420 esset
702 2355 859 2419 remissus.
884 2354 943 2417 hos
965 2357 1138 2438 postquam

119 2465 292 2532 adthenas
322 2467 501 2550 pervenisse
533 2471 620 2530 ratus
654 2470 716 2552 est,
748 2467 789 2530 ad
812 2464 1019 2550 magistratus
1043 2485 1140 2528 sena-

148 2580 281 2660 tumque
315 2577 638 2642 Lacedaemoniorum
672 2578 752 2641 adiit
785 2582 818 2642 et
848 2577 933 2661 apud
964 2597 1017 2640 eos
1039 2575 1138 2638 liber·

147 2689 226 2753 rime
256 2687 416 2772 professus
444 2691 510 2752 est:
541 2687 754 2752 Athenienses
787 2709 843 2752 suo
876 2686 1024 2771 consilio,
1051 2686 1140 2768 quod

148 2801 310 2865 communi
333 2801 401 2865 iure
425 2801 569 2897 gentium
592 2800 696 2865 facere
720 2802 867 2885 possent,
894 2803 968 2862 deos
991 2795 1139 2880 publicos

149 2933 285 2996 suosque
320 2912 441 2998 patrios
476 2934 513 2977 ac
542 2915 689 2997 pedatae,
724 2933 786 2996 quo
817 2909 942 2974 facilius
974 2908 1014 2971 ab
1047 2906 1141 2969 hoste

149 3027 280 3110 possent
303 3024 486 3107 defendere,
512 3025 609 3088 muris
633 3024 784 3107 saepsisse
807 3043 909 3107 neque
933 3020 1028 3084 ineo
1052 3017 1140 3099 quod

121 3137 263 3202 tinutile
298 3142 379 3203 esset
413 3135 562 3201 Graeciae
595 3136 716 3200 fecisse.
752 3157 828 3199 nam
862 3133 992 3197 illorum
1026 3127 1139 3192 urbem

150 3249 428 3333 propugnaculum
452 3248 630 3333 oppositum
656 3269 722 3311 esse
747 3247 907 3328 barbaris,
937 3242 1021 3328 apud
1042 3261 1140 3325 quam

150 3360 215 3422 iam
256 3360 305 3438 bis
349 3361 455 3446 copias
499 3360 602 3445 regias
644 3359 754 3424 fecisse
787 3356 1005 3441 naufragium.
1038 3352 1138 3417 Lace-

124 3471 334 3536 sdaemonios
368 3475 475 3536 autem
497 3472 581 3536 male
605 3476 636 3535 et
658 3470 776 3534 iniuste
799 3469 920 3552 facere,
947 3468 1002 3551 qui
1023 3465 1057 3529 id
1080 3484 1141 3548 po·

150 3582 213 3647 tius
248 3582 466 3669 intuerentur,
503 3582 588 3667 quod
622 3582 765 3666 ipsorum
797 3579 1009 3646 dominationi
1042 3596 1139 3661 quam
