2460 4026
51 188 58 203 '
133 177 178 245 ’16
417 199 453 243 11.
480 198 724 245 rsunrsroonns.
751 182 781 244 8.
807 182 838 246 9.

133 371 292 435 niensium
322 374 391 436 erat
419 373 593 455 exercitus,
628 373 730 437 sensit
759 372 1005 453 Themistocles,
1038 377 1065 441 si
1088 398 1124 442 eo

133 483 342 567 pervenisset,
385 484 446 548 sibi
489 506 555 548 esse
594 487 804 568 pereundum.
840 484 900 550 hac
936 489 1125 554 necessitate

132 597 259 660 coactus
290 596 420 660 domino
446 596 556 673 navis,
582 597 653 680 quis
677 597 735 680 sit,
763 596 879 682 aperit,
907 601 1008 664 multa
1030 601 1124 684 polli-

96 718 221 790 scens,
247 708 274 771 si
297 729 330 771 se
354 709 581 772 conservasset
607 707 718 771 atille
742 706 908 771 clarissimi
931 707 991 770 viri
1012 711 1124 792 captus
1167 714 1170 720 '

131 819 346 882 misericordia
384 819 468 884 diem
502 823 691 903 noctemque
726 818 838 902 procul
873 820 914 882 ab
948 819 1054 882 insula
1088 819 1124 883 in

131 930 198 993 salo
229 952 343 995 narem
374 931 479 995 tenuit
510 931 545 994 in
579 930 704 994 ancoris
734 952 837 1013 neque
868 951 1061 1014 quemquam
1085 953 1125 995 ex

131 1063 167 1104 ea
198 1041 282 1106 exire
314 1065 425 1127 passus
456 1045 514 1107 est.
548 1040 623 1105 inde
653 1040 817 1126 Ephesum
846 1043 992 1126 pervenit
1016 1042 1124 1127 ibique

129 1151 376 1218 Themistoclem
413 1154 563 1238 exponit:
601 1153 653 1218 cui
683 1152 738 1217 ille
768 1175 827 1238 pro
860 1154 981 1218 meritis
1012 1159 1124 1239 postea

130 1265 265 1348 gratiam
289 1265 424 1329 rettulit.

94 1378 121 1441 o
174 1375 245 1441 Soio
276 1376 445 1461 plerosque
471 1377 517 1441 ita
543 1376 721 1460 scripsisse,
747 1376 991 1441 Themistoclem
1019 1377 1123 1442 Xerxe

127 1490 282 1572 regnante
316 1489 351 1552 iu
386 1488 498 1553 Asiam
533 1487 696 1552 transisse.
734 1489 788 1552 sod
824 1510 884 1573 ego
920 1489 1123 1573 potissimum

126 1599 306 1683 Thucydidi
328 1601 422 1664 credo
434 1648 443 1678 ,
468 1602 554 1684 quod
579 1602 612 1663 et
635 1602 739 1663 aetate
766 1601 930 1684 proximus
955 1603 993 1664 de
1004 1601 1054 1678 iis,
1069 1601 1124 1686 qui

127 1710 255 1774 illorum
287 1714 467 1795 temporum
492 1711 660 1775 historiam
683 1712 901 1795 reliquerunt,
926 1716 958 1775 et
982 1712 1123 1776 eiusdem
1177 1749 1179 1753 ·

128 1822 266 1886 civitatis
298 1823 370 1886 fuit.
403 1824 430 1887 is
463 1825 571 1886 autem
602 1822 649 1886 ait
673 1825 713 1885 ad
736 1823 946 1887 Artaxerxem
971 1846 1043 1888 eum
1067 1800 1137 1888 11-Ι

98 1932 213 2001 11111111
245 1937 342 2017 atque
371 1933 421 1998 his
445 1933 550 1998 verbis
575 1933 742 2018 epistolam
768 1935 906 1999 misisse:
932 1934 1121 1999 ‘Themisto-

129 2046 191 2110 cles
222 2045 296 2110 veni
326 2046 366 2109 ad
390 2048 435 2130 te,
463 2045 519 2129 qui
544 2044 683 2129 plurima
706 2046 790 2109 mala
814 2046 981 2109 hominum
1007 2045 1122 2112 Graio-

127 2179 199 2221 rum
228 2157 263 2220 in
296 2157 426 2220 domum
458 2159 548 2220 tuam
579 2156 693 2233 intuli,
718 2158 869 2240 quamdiu
893 2158 973 2221 mihi
996 2180 1123 2222 necesse

127 2267 190 2332 fuir
213 2268 380 2332 adversum
403 2271 528 2353 patrem
554 2272 646 2332 tuum
670 2268 789 2332 bellare
806 2269 1007 2353 patriamque
1018 2291 1123 2333 meam

96 2379 304 2444 cdefendere.
349 2381 434 2443 idem
470 2380 572 2444 multo
608 2379 699 2464 plura
735 2380 821 2444 bona
855 2380 916 2444 feci
951 2385 1121 2464 postquam

128 2493 164 2555 in
188 2494 258 2555 tuto
285 2492 353 2575 ipse
377 2490 485 2554 111111
510 2491 544 2554 in
571 2490 711 2574 periculo
737 2513 803 2556 esse
824 2493 937 2576 coepit.
961 2515 1035 2555 nam
1048 2515 1121 2557 oum

128 2604 164 2666 in
186 2601 296 2667 Asiam
320 2602 436 2666 reverti
461 2601 576 2678 vellet,
600 2601 722 2686 proelio
747 2602 832 2687 apud
852 2602 1015 2668 Salamina
1034 2602 1121 2668 facto

128 2713 244 2778 litteris
267 2735 339 2777 eum
363 2713 529 2777 certiorem
557 2712 636 2790 feci,
660 2713 694 2776 id
717 2714 770 2798 agi
798 2717 835 2777 ut
858 2735 957 2797 pons,
979 2736 1074 2797 quem
1086 2715 1118 2778 in

128 2824 340 2908 Hellesponto
370 2824 506 2901 fecerat,
542 2824 766 2888 dissolveretur
793 2829 888 2909 atque
913 2826 952 2889 ab
976 2825 1120 2890 hostibus
1184 2841 1188 2848 ’

128 2937 363 3012 circumiretur;
396 2957 458 3019 quo
489 2935 604 2999 nuntio
636 2935 690 2998 ille
721 2936 859 3019 periculo
886 2938 934 2999 est
956 2935 1119 3001 liberatus.

95 3066 117 3110 a
130 3069 216 3113 nunc
240 3050 347 3111 autem
372 3046 523 3131 confugio
549 3047 588 3110 ad
607 3049 639 3110 te
659 3047 839 3130 exagitatus
860 3049 1007 3110 acunota
1020 3024 1119 3112 Grae-

128 3159 192 3236 cia,
207 3244 212 3255 x
225 3162 314 3223 tuam
345 3163 457 3243 petens
490 3158 681 3223 amicitiam:
715 3180 811 3241 quam
838 3158 865 3221 si
888 3180 940 3222 erc
966 3161 1118 3243 adeptus,

128 3291 194 3334 11011
218 3271 323 3336 minus
348 3294 398 3335 me
421 3271 543 3335 bonum
567 3271 704 3334 amioum
727 3269 860 3333 habebis
884 3292 980 3354 quam
1003 3270 1118 3334 fortem

127 3383 292 3446 inimicum
324 3383 378 3446 ille
410 3382 558 3466 expertus
590 3383 647 3445 est.
681 3382 713 3444 te
744 3383 850 3450 eutem
883 3401 979 3465 rog0‚
1012 3383 1049 3443 ut
1081 3384 1120 3444 de

128 3475 308 3571 derebus,
343 3514 422 3576 quas
451 3497 557 3556 tecum
587 3490 725 3574 colloqui
755 3490 845 3568 vo10‚
871 3513 1015 3555 annuum
1040 3491 1120 3555 mihi

129 3609 254 3688 tempus
279 3605 332 3669 des
356 3625 455 3687 eoque
480 3604 642 3667 transacto
666 3604 707 3664 ad
729 3606 761 3666 11
786 3601 893 3666 venire
916 3600 1071 3684 patiaris!
