2460 4026
478 266 568 310 xmv.
593 265 670 310 omo
695 245 724 309 2.
751 248 781 310 3.
1041 246 1105 311 123

154 435 363 504 Consulatum
395 439 494 523 gessit
525 461 597 503 eum
628 439 664 505 L.
696 438 825 504 Valerio
858 437 990 516 FlaccO,
1022 439 1136 503 sorte2

107 549 308 635 provinciam
350 554 466 615 nactus
508 551 702 635 Hispaniam
737 552 934 634 citeriorem,
971 573 1009 614 ex
1045 573 1109 634 qua

107 662 308 746 triumphum
345 661 537 745 deportavit.
572 662 618 727 ibi
654 684 727 726 cum
762 663 882 727 diutius
911 664 1137 741 moraretur,2

104 773 142 839 P.
176 771 282 857 Scipio
313 771 485 838 Africanus
516 774 627 838 consul
658 773 795 851 iterum,
829 774 919 838 cuius
941 774 977 838 in
1000 773 1105 858 priore

105 885 273 949 consulatu
305 887 454 969 quaestor
483 884 606 963 fuerat,
639 885 743 949 voluit
775 907 847 949 eum
878 887 917 949 de
940 884 1107 970 provincia

105 997 261 1082 depellere
293 999 326 1060 et
355 997 424 1080 ipse
454 996 483 1059 ei
513 996 696 1075 succedere,
721 1018 824 1080 neque
847 996 909 1061 hoc
931 1019 988 1081 per
1012 1018 1105 1060 sena·
1205 983 1207 987 ’

104 1111 174 1172 tum
205 1108 327 1174 efficere
357 1108 480 1193 potuit,
511 1120 583 1172 cum
607 1108 735 1192 quidem
759 1107 865 1192 Scipio
888 1106 1103 1192 principatum

104 1208 140 1284 in
171 1219 301 1285 civitate
333 1219 509 1296 obtineret,
542 1222 629 1303 quod
661 1222 731 1283 tum
763 1241 830 1283 non
845 1217 1024 1302 potentia,
1048 1216 1102 1280 sed
1176 1215 1179 1218 ’

103 1331 174 1396 iure
202 1352 252 1396 res
283 1330 413 1416 publica
444 1329 740 1407 administrabatur.
774 1353 839 1415 qua
870 1353 909 1395 ex
939 1352 973 1394 re
1004 1331 1105 1395 iratus

105 1443 249 1521 senatui,
279 1441 449 1507 consulatu
479 1446 608 1526 peracto
642 1444 786 1526 privatus
814 1443 849 1507 in
873 1443 951 1506 urbe
974 1442 1104 1506 mansit.

104 1555 140 1617 at
170 1550 270 1632 Cato,
302 1575 414 1617 censor
445 1574 518 1617 cum
551 1557 662 1618 eodem
694 1553 808 1618 Flacco
843 1554 965 1633 factus,
998 1570 1132 1619 severe3
1207 1598 1210 1605 ·

104 1663 244 1749 praefuit
278 1665 307 1728 ei
337 1665 499 1749 potestati.
532 1687 608 1729 nam
639 1668 672 1730 εὴ
703 1666 738 1729 in
770 1667 948 1750 complures
980 1665 1105 1729 nobiles

105 1775 335 1841 animadvertit
356 1779 389 1840 et
411 1777 529 1841 multas
551 1799 602 1841 res
625 1798 724 1842 novas
749 1777 784 1841 in
804 1778 943 1842 edictum
963 1776 1104 1854 addidit,

104 1909 169 1972 qua
197 1910 232 1952 re
262 1887 388 1952 luxuria
419 1888 661 1972 reprimeretur,
687 1910 768 1973 quae
791 1889 854 1952 iam
879 1892 949 1954 tum
971 1888 1105 1972 incipie-

101 2000 160 2063 bat
201 1998 368 2085 pullulare.
405 1999 531 2064 circiter
565 2022 668 2065 annos
703 2001 888 2085 octoginta,
926 2024 1027 2087 usque
1064 2003 1135 2064 adt

103 2115 278 2176 extremam
302 2115 440 2177 aetatem
464 2113 504 2176 ab
524 2113 754 2191 adolescentia,
776 2114 987 2197 reipublicae
1008 2134 1103 2175 causa

103 2221 261 2306 suscipere
293 2222 478 2287 inimicitias
508 2244 577 2286 non
607 2224 740 2290 destitit.
773 2246 792 2286 a
820 2224 930 2288 multis
960 2225 1103 2287 tentatus

102 2355 172 2399 non
201 2337 297 2398 modo
328 2334 454 2398 nullum
486 2334 712 2399 detrimentum
737 2335 983 2401 existimationis
1006 2335 1102 2414 fecit,

104 2445 175 2524 sed,
199 2446 303 2530 quoad
327 2446 425 2524 vixit,
449 2447 604 2511 virtutum
627 2447 720 2512 laude
741 2448 850 2513 crevit.

150 2557 190 2621 In
215 2558 363 2623 omnibus
398 2558 492 2623 rebus
528 2558 686 2642 singulari
720 2558 784 2624 fuit
814 2559 991 2624 industria:
1026 2560 1133 2622 nam3

103 2671 137 2735 et
152 2670 294 2754 agricola
312 2670 422 2735 sollers
441 2672 474 2735 et
491 2670 613 2754 peritus
629 2670 707 2735 iuris
727 2670 893 2735 consultus
915 2673 948 2734 et
967 2691 1104 2755 magnus

101 2781 277 2866 imperator
306 2783 339 2844 et
369 2780 542 2865 probabilis
573 2783 680 2845 orator
712 2785 744 2846 et
768 2764 991 2866 cupidissimus
1012 2783 1102 2846 litte·

101 2914 212 2957 rarum
242 2891 314 2956 fuit.
347 2913 483 2976 quarum
513 2892 654 2956 studium
686 2893 746 2956 etsi
773 2893 879 2958 senior
903 2895 1132 2978 arripuerat‚2

50 3085 53 3090 .
100 3008 212 3068 tamen
243 3008 371 3069 tantum
395 3023 600 3089 progressum
622 3003 718 3083 fecit,
742 3007 779 3068 ut
803 3027 870 3069 non
893 3005 988 3070 facile
1010 3025 1128 3089 repe-.

100 3116 159 3181 riri
191 3116 416 3201 possitneque
439 3116 478 3180 de
501 3115 630 3180 Graecis
653 3138 757 3201 neque
781 3120 820 3181 de
843 3117 965 3181 Italicis
989 3117 1100 3194 rebus,

100 3229 188 3313 quod
219 3227 248 3291 ei
278 3226 377 3292 fuerit
406 3227 619 3311 incognitum.
653 3227 694 3291 ab
727 3225 941 3294 adolescentia
965 3227 1132 3293 confecita

77 3340 272 3405 orationes.
315 3361 411 3404 senex
452 3340 602 3403 historias
643 3339 780 3404 scribere
821 3339 950 3405 institit.
994 3361 1103 3404 earum

100 3456 177 3516 sunt
207 3450 283 3515 libri
312 3429 443 3535 septem.
473 3451 595 3535 primus
619 3451 765 3515 continet
786 3473 836 3515 res
861 3453 967 3534 gestas
989 3472 1103 3535 regum

100 3565 213 3648 populi
248 3563 404 3640 Romani,
442 3562 598 3627 secundus
635 3563 667 3626 et
703 3563 815 3627 tertius
847 3565 933 3626 unde
960 3582 1103 3647 quaeque

101 3673 214 3740 civitas
246 3677 318 3739 orta
349 3674 391 3739 sit
421 3673 551 3755 Italica,
582 3673 624 3736 ob
648 3695 745 3756 quam
770 3694 836 3737 rem
861 3696 970 3739 omnes
995 3672 1104 3755 Origi-
