2460 4026
416 205 440 251 1.
465 205 645 250 mimicus.
673 187 703 250 3.
728 186 759 249 4.
1062 185 1081 248 5

89 380 124 443 id
156 383 188 444 et
219 377 311 443 facile
341 379 422 445 effici
452 402 564 464 posse:
587 383 687 466 ponte
712 381 798 444 enim
821 379 952 445 rescisso
976 401 1084 463 regem

34 569 36 572 Ι
90 490 143 554 vel
174 489 316 554 hostium
345 489 430 555 ferro
461 491 512 556 vel
534 492 643 576 inopia
667 491 777 576 paucis
800 492 910 556 diebus
933 491 1083 554 interitu-

89 624 172 666 rum.
218 605 259 665 ad
293 601 354 666 hoc
388 603 556 668 consilium
591 626 664 667 cum
698 603 840 688 plerique
875 604 1107 677 accederent‚5

90 711 254 777 Histiaeus
286 713 445 792 Milesius,
479 737 519 779 ne
542 737 592 780 res
616 715 840 790 conficeretur,
866 714 1008 792 obstitit,
1034 716 1083 779 di-

91 847 167 890 cens
200 848 266 890 non
295 827 380 891 idem
409 827 504 910 ipsis,
530 827 585 910 qui
608 849 748 890 summas
771 826 896 910 imperii
918 831 1082 904 tenerent,

91 936 239 1019 expedire
272 940 305 1002 et
336 937 557 1020 multitudini,
590 938 675 1022 quod
702 938 793 1002 Darii
817 958 918 1022 regno
941 939 1084 1022 ipsorum

91 1049 248 1113 niteretur
291 1051 484 1127 dominatio;
529 1072 593 1135 quo
628 1051 769 1115 extincto
804 1049 890 1133 ipsos
925 1054 1083 1134 potestate

91 1161 240 1244 expulsos
274 1161 396 1227 civibus
431 1163 496 1227 suis
533 1184 652 1246 poenas
688 1163 826 1227 daturos.
866 1161 974 1246 itaque
1005 1163 1082 1227 adeo

89 1295 123 1336 se
154 1272 324 1337 abhorrere
348 1298 367 1338 a
387 1277 563 1339 ceterorum
583 1274 731 1352 consilio,
752 1276 790 1336 ut
805 1273 887 1337 nihil
905 1276 997 1357 putet
1007 1274 1085 1357 ipsis

92 1388 203 1452 utilius
246 1409 341 1471 quam
388 1385 570 1452 confirmari
604 1409 740 1472 regnum
774 1387 952 1452 Persarum.
989 1385 1084 1449 huius

91 1522 165 1565 cum
189 1500 381 1564 sententiam
404 1501 535 1585 plurimi
560 1504 666 1565 essent
689 1500 805 1577 secuti,
831 1499 993 1564 Miltiades
1016 1519 1083 1562 non
1096 1512 1113 1559 6·

30 1672 43 1690 ,
92 1612 244 1677 dubitans
275 1618 343 1677 tam
373 1614 484 1676 multis
508 1613 641 1677 consciis
666 1614 706 1677 ad
730 1612 813 1697 regis
837 1632 928 1676 aures
953 1610 1083 1675 consilia

91 1746 150 1787 sua
173 1728 383 1808 perventura,
410 1723 642 1789 Chersonesum
662 1725 792 1809 reliquit
812 1745 848 1787 ac
867 1722 1082 1786 rursusAthe-

91 1858 151 1899 nas
181 1837 381 1920 demigravit.
412 1837 502 1901 ouius
533 1837 615 1900 ratio
647 1837 707 1901 etsi
737 1856 804 1900 non
829 1834 932 1899 valuit
940 1826 954 1910 ‚⁴
974 1837 1082 1898 tamen

92 1967 211 2030 magno
243 1969 337 2033 opere
368 1952 416 2012 est
444 1947 623 2026 laudanda,
649 1971 720 2013 cum
745 1947 875 2012 amicior
898 1946 1041 2011 omnium
1064 1946 1104 2008 li·

91 2058 210 2122 bertati
232 2081 325 2142 quam
352 2082 427 2124 suae
449 2060 546 2125 fuerit
569 2059 788 2124 dominationi.

136 2169 254 2236 Darius
277 2175 402 2250 autem,
427 2195 499 2237 cunr
524 2196 563 2237 ex
584 2172 716 2259 Europa
738 2174 773 2236 in
797 2174 907 2240 Asiam
931 2163 1111 2244 redissel24

91 2283 296 2348 hortantibus
327 2285 454 2361 amicis,
485 2289 523 2348 ut
555 2282 718 2350 Graeciam
753 2287 910 2371 redigeret
932 2279 967 2341 in
992 2308 1082 2350 suam

91 2398 300 2479 potestatem,
331 2395 463 2460 classem
486 2397 736 2482 quingentarum
760 2400 891 2463 navium
914 2421 1080 2483 compara-

91 2507 139 2572 vit
174 2509 264 2592 eique
294 2506 404 2572 Datim
435 2508 589 2592 praefecit
620 2514 652 2574 et
683 2511 934 2595 Artaphernem,
967 2511 1080 2596 hisque

92 2621 230 2683 ducenta
253 2619 414 2703 peditum,
439 2624 547 2686 decern
567 2622 709 2706 equitum
729 2623 830 2688 millia
842 2624 939 2708 dedit,
952 2633 1096 2689 causam

90 2729 300 2808 interserenS,
345 2754 378 2796 se
420 2732 544 2797 hostem
587 2755 654 2798 esse
688 2733 956 2812 Atheniensibus,
995 2739 1081 2820 quod

91 2863 198 2906 eorum
220 2843 338 2907 anxilio
358 2843 452 2907 Iones
473 2843 586 2908 Sardes
606 2850 844 2930 expugnassent
857 2869 976 2930 suaque
987 2869 1079 2930 prae·

90 2952 171 3016 sidia
213 2954 457 3020 interfecissent.
501 2956 550 3018 illi
591 2956 743 3041 praefecti
785 2958 865 3042 regii
907 2959 1005 3023 classe
1040 2959 1107 3022 ada

89 3062 254 3129 Euboeam
277 3067 410 3151 appulsa
434 3067 576 3132 celeriter
599 3067 758 3132 Eretriam
782 3074 935 3153 ceperunt
953 3091 1077 3134 omnes-

90 3197 150 3259 que
182 3178 249 3241 eius
280 3178 386 3261 gentis
419 3180 503 3244 cives
534 3182 682 3266 abreptos
713 3183 747 3246 in
772 3183 882 3247 Asiam
907 3184 947 3246 ad
969 3204 1078 3266 regem

89 3288 254 3352 miserunt.
280 3289 355 3354 inde
379 3292 419 3355 ad
442 3290 806 3358 Atticamaecesserunt
826 3315 862 3358 ac
881 3316 954 3359 suas
972 3296 1078 3380 copias

87 3397 121 3462 in
153 3421 302 3484 campum
334 3401 526 3468 Marathona
557 3404 763 3470 deduxerunt.
791 3406 818 3470 is
841 3405 933 3470 abest
955 3407 994 3469 ab
1018 3429 1076 3491 op·
1164 3467 1165 3471 ,

89 3511 161 3594 pido
198 3513 325 3577 circiter
357 3514 457 3578 millia
492 3537 643 3599 passuum
681 3520 798 3582 decem.
833 3518 895 3583 hoc
928 3520 1098 3583 tumultus

88 3621 302 3690 Athenienses
333 3627 399 3689 tam
431 3628 611 3712 propinquo
642 3632 770 3712 tamque
799 3650 917 3714 magno
940 3631 1082 3715 permoti
