2460 4026
415 191 492 237 xxv.
518 131 735 236 inrorato.
762 169 814 234 14.
1045 167 1110 233 135

67 378 70 383 ’
111 369 169 434 vix
204 366 364 432 mediocri.
396 386 534 449 namque
565 363 600 427 in
631 386 668 428 ea
698 365 793 428 erant
820 363 912 447 pueri
940 361 1108 431 litteratis-

112 478 202 563 simi,
240 481 437 561 anagnostae
465 476 579 561 optimi
610 478 643 540 et
672 474 803 559 plurimi
832 474 974 552 librarii,
1008 476 1045 537 ut
1067 494 1109 538 ne

112 589 320 675 pedissequus
349 589 478 672 quidem
499 588 668 672 quisquam
691 591 789 664 esset,
814 586 872 670 qui
892 607 961 650 non
980 589 1106 649 utrum·

108 723 174 785 que
203 701 319 764 horum
349 699 482 785 pulchre
513 699 617 764 facere
639 705 763 784 posset,
789 699 979 783 parimodo
1003 697 1105 761 artifi-

107 833 163 876 ces
185 812 300 890 ceteri,
324 833 404 896 quos
428 811 530 875 cultus
554 811 745 876 domesticus
764 811 939 888 desiderat,
964 809 1108 894 apprime

110 923 198 988 boni.
231 944 335 1007 neque
364 927 474 986 tamen
497 921 612 987 horum
635 943 827 1007 quemquam
851 922 913 986 nisi
938 920 1025 985 domi
1047 937 1136 984 nra-4

107 1037 181 1098 tum
211 1035 360 1118 domique
387 1035 508 1099 factum
540 1033 672 1098 habuit:
701 1035 787 1118 quod
808 1037 862 1099 est
884 1034 1015 1117 signum
1039 1053 1106 1096 non

105 1145 215 1210 solum
246 1145 482 1222 continentiae,
518 1144 574 1209 sed
606 1145 701 1208 etiam
737 1145 931 1229 diligentiae.
964 1166 1040 1208 nam
1073 1146 1107 1208 et

108 1277 180 1320 non
203 1256 457 1341 intemperanter
480 1254 718 1339 concupiscere,
744 1256 830 1340 quod
852 1278 872 1319 a
890 1256 1036 1341 plurimis
1055 1255 1104 1320 vi-

106 1367 204 1444 deas,
239 1367 438 1432 continentis
472 1367 567 1430 debet
603 1366 694 1444 duci,
727 1370 760 1431 et
794 1366 900 1451 potius
936 1367 1106 1451 diligentia

57 1482 62 1492 “
109 1500 209 1563 quam
241 1477 349 1563 pretio
384 1499 495 1563 parare
531 1498 598 1542 non
633 1479 802 1543 mediocris
836 1481 884 1543 est
916 1478 1104 1543 industriae.

107 1589 255 1672 elegans,
281 1609 348 1652 non
372 1588 580 1673 magnificus,
605 1589 809 1674 splendidus,
823 1611 891 1654 non
904 1581 1132 1654 sumtuosusze

98 1699 277 1783 omnisque
310 1698 479 1784 diligentia
505 1701 713 1787 munditiam,
746 1722 813 1765 non
834 1699 1031 1765 affluentiam
1055 1698 1104 1763 af-

108 1809 261 1875 fectabat.
299 1810 441 1895 supellex
476 1812 617 1889 modica,
654 1816 691 1876 ut
723 1813 759 1876 in
794 1815 942 1876 neutram
977 1813 1104 1897 partem

108 1920 252 2007 conspici
294 1926 415 2006 posset.
457 1944 517 1988 nec
558 1924 754 2009 praeteribo,
790 1945 984 2009 quamquam
1019 1938 1132 1986 non-o

107 2035 206 2100 nullis
235 2035 304 2099 leve
338 2034 443 2100 visum
473 2034 514 2098 iri
544 2038 673 2119 putem,
709 2057 781 2100 cum
800 2035 836 2099 in
859 2035 971 2120 primis
995 2033 1102 2098 lautus

103 2149 190 2211 esset
221 2167 315 2230 eques
349 2145 515 2210 Romanus
549 2149 582 2209 et
611 2167 679 2210 non
707 2168 821 2230 parum
844 2144 1019 2210 liberaliter
1043 2146 1101 2207 do-

105 2278 194 2319 mum
217 2277 307 2319 suam
332 2257 476 2321 omnium
500 2257 648 2320 ordinum
672 2256 817 2321 homines
840 2255 1011 2333 invitaret,
1032 2274 1100 2317 non

103 2367 245 2451 amplius
284 2389 382 2451 quam
423 2371 515 2433 terna
558 2367 659 2432 millia
693 2389 850 2453 peraeque
882 2368 918 2432 in
955 2364 1100 2450 singulos

106 2500 230 2544 menses
265 2501 304 2544 ex
331 2479 530 2564 ephemeride
559 2502 632 2544 eum
663 2501 836 2565 expensum
866 2479 987 2544 sumtui
1017 2476 1099 2541 ferre

96 2589 245 2654 'solitum
289 2593 385 2675 atque
426 2591 488 2656 hoo
530 2613 596 2656 non
635 2592 798 2677 auditum,
841 2592 897 2657 sed
931 2593 1125 2676 cognitumr

104 2704 339 2786 praedicamus:
374 2724 466 2787 saepe
497 2703 582 2768 enim
609 2706 740 2789 propter
763 2702 1016 2769 familiaritatem
1040 2708 1097 2769 do-

104 2814 244 2879 mesticis
267 2816 361 2880 rebus
383 2813 597 2880 interfuimus.

148 2924 252 2991 Nemo
294 2926 329 2990 in
374 2926 520 2992 convivio
564 2927 631 2992 eius
670 2927 757 2992 aliud
791 2948 938 2992 acroama
975 2926 1142 2993 audivit14

99 3058 200 3120 quam
231 3040 449 3121 anagnosten,
476 3040 564 3121 quod
594 3060 652 3104 nos
677 3040 805 3123 quidem
828 3037 1093 3103 iucundissimum

99 3147 309 3212 arbitramur:
337 3171 439 3233 neque
463 3171 615 3235 umquam
638 3151 707 3216 sine
726 3151 834 3236 ahqua
852 3150 989 3215 lectione
1010 3149 1095 3233 apud

101 3280 176 3324 eum
198 3263 346 3325 cenatum
370 3267 435 3339 est,
460 3263 498 3324 ut
520 3282 586 3326 non
610 3262 716 3327 minus
736 3263 844 3327 animo
864 3284 962 3346 quam
983 3265 1094 3327 ventre

100 3370 256 3436 convivae
279 3372 530 3437 delectarentur:
555 3394 693 3457 namque
716 3396 769 3439 eos
793 3373 945 3456 vocabat,
958 3386 1122 3456 quoruma

98 3504 206 3549 mores
237 3504 255 3546 a
285 3483 350 3548 suis
381 3505 448 3548 non
477 3483 695 3549 abhorrerent.
728 3507 800 3551 cum
827 3487 917 3549 tanta
940 3485 1092 3570 pecuniae

99 3592 187 3659 facta
218 3597 300 3660 esset
324 3593 481 3673 accessio,
505 3592 589 3660 nihil
612 3595 652 3661 de
662 3596 850 3682 quotidiano
873 3598 962 3662 cultu
985 3597 1091 3660 muta-
