2460 4026
392 210 470 256 xxv.
493 148 633 259 Annona
661 193 760 258 6-8.
972 209 974 214 ’
1004 193 1067 259 129

75 391 159 468 rati,
191 410 264 453 cnm
293 384 490 467 suspiciones
513 406 639 470 quoque
661 387 779 452 vitaret
802 388 980 453 criminum.
1004 408 1068 472 quo

78 502 177 568 fiebai
198 505 236 564 ut
259 498 326 562 eius
350 495 554 560 observantia
577 497 725 564 omnibus
750 502 832 564 esaei
855 499 974 573 carior,
995 520 1069 563 cum
1104 544 1109 557 ι

77 636 146 678 eam
183 609 304 686 officio,
339 628 406 672 non
436 608 544 674 timori
575 631 679 694 neque
701 611 770 694 spei
791 608 892 675 tribui
915 610 1069 675 viderent.

124 722 243 789 Incidit
277 717 504 792 Caesarianum
535 719 627 786 civile
662 721 796 807 bellum,
833 745 906 788 eum
938 722 1102 788 haberet?
1197 728 1199 735 '

79 859 184 902 annos
219 838 344 903 circiter
375 834 554 919 sexaginta.
585 856 660 899 usus
691 839 739 899 est
769 835 881 900 asisiis
906 834 1072 900 vacatione

81 971 185 1033 neque
219 970 252 1013 se
283 969 446 1033 quoquam
469 944 571 1010 movii
593 967 633 1011 ex
655 946 742 1010 urbe.
769 968 850 1031 quae
874 948 983 1012 amicis
1007 947 1072 1012 suis
1148 994 1149 998 ,

81 1081 162 1145 opus
195 1059 324 1124 fuerant
359 1061 399 1122 ad
434 1038 624 1141 Pompeium
646 1057 940 1142 proficiscentibus,
963 1060 1073 1124 omnia

81 1193 121 1235 ex
150 1194 207 1236 sua
238 1193 272 1234 re
294 1169 445 1235 familiari
468 1169 572 1236 dedit:
597 1170 703 1254 ipsum
726 1170 913 1255 Pompeium
937 1172 1072 1236 coniun-

80 1285 170 1348 ctum
205 1303 272 1346 non
296 1281 439 1346 offendit.
464 1281 589 1346 nullum
613 1281 654 1345 ab
677 1303 714 1346 eo
738 1282 879 1348 habebat
903 1299 1102 1348 cunamen-2

83 1396 169 1472 ium,
194 1396 231 1458 ui
254 1393 368 1471 ceteri,
393 1393 449 1477 qui
471 1414 529 1478 per
553 1414 626 1458 eum
646 1397 702 1458 aui
722 1392 859 1460 honores
877 1395 1072 1461 auidivitias
1125 1463 1127 1466 ,

81 1508 252 1590 ceperani:
285 1526 420 1589 quorum
452 1505 569 1590 partim
590 1504 776 1570 invitissimi
799 1509 902 1571 casira
925 1510 1001 1572 suni
1023 1529 1074 1572 se·

83 1617 167 1694 cuti,
203 1617 321 1701 partim
356 1640 479 1682 summa
514 1639 587 1682 cum
619 1617 686 1682 eius
717 1617 891 1683 offensione
914 1619 1001 1684 domi
1024 1641 1075 1684 re·

84 1731 281 1792 manserunt.
319 1727 420 1793 Achiui
455 1730 561 1793 auium
597 1729 687 1813 quies
710 1732 804 1793 tanto
827 1751 922 1814 opere
947 1727 1105 1796 Caesarie

82 1838 146 1910 fuit
169 1843 278 1924 grata,
303 1843 340 1903 ut
363 1840 483 1919 victor,
507 1862 579 1906 cum
602 1841 737 1926 privatis
760 1842 911 1925 pecunias
930 1863 987 1926 per
1006 1821 1074 1926 epi-

84 1950 184 2017 stolas
211 1951 401 2037 imperaret,
425 1952 500 2018 huic
522 1975 590 2017 non
613 1953 716 2017 solum
739 1952 891 2018 molestus
915 1973 982 2018 non
1005 1951 1076 2018 fue·

84 2064 146 2142 rii,
183 2065 237 2128 scd
272 2064 369 2128 eiiam
405 2065 520 2129 sororis
552 2064 654 2128 filium
690 2067 722 2129 et
757 2064 793 2140 Q.
830 2063 1014 2130 Ciceronem
1038 2083 1086 2130 ex‘

85 2176 229 2259 Pompeii
261 2176 371 2240 castris
396 2175 594 2241 concesserii.
620 2175 663 2239 sic
686 2178 792 2241 vetere
816 2175 967 2241 instituio
990 2176 1076 2240 vitae

87 2287 200 2372 effugii
220 2308 305 2352 nova
327 2285 478 2370 pericula.

132 2399 282 2464 Secutum
328 2397 372 2461 isi
405 2396 486 2461 illud
520 2400 646 2482 tempus
681 2398 783 2463 occiso
827 2396 976 2484 Caesare,
1012 2400 1109 2483 quo8
1186 2486 1190 2491 η

86 2532 136 2576 res
167 2509 295 2594 publica
326 2530 424 2592 penes
446 2507 564 2574 Bruios
587 2509 747 2575 videretur
769 2532 836 2575 esse
859 2513 891 2575 ei
914 2509 1077 2595 Cassium,

86 2643 125 2685 ac
158 2622 227 2684 'coia
262 2619 374 2685 oiviias
410 2641 444 2684 se
471 2620 511 2684 ad
536 2643 589 2686 eos
612 2622 813 2688 convertisse.
838 2623 881 2688 sic
906 2622 950 2687 M.
976 2623 1106 2688 Brutos

87 2755 163 2798 usus
192 2735 257 2811 est,
283 2735 321 2796 ui
342 2733 432 2796 nullo
456 2732 512 2798 illc
535 2733 718 2799 adolescens
741 2734 867 2819 aequali
889 2734 1077 2799 familiarius

24 2922 31 2929 ι
85 2867 183 2930 quam
218 2844 280 2908 hoc
314 2865 406 2923 sene,
442 2866 544 2929 neque
576 2846 679 2910 solum
703 2868 774 2910 cum
798 2847 976 2932 principem
1000 2868 1079 2912 con·

84 2956 147 3022 silii
195 2955 341 3034 heberei,
377 2955 431 3020 sed
466 2956 563 3020 etiam
596 2956 632 3021 in
667 2958 825 3023 convictu.
858 2959 1103 3043 excogitatum

86 3071 135 3133 est
159 3091 177 3131 a
199 3067 469 3158 quibusdam-ui
491 3069 653 3154 privatum
677 3071 833 3135 aerarium
857 3069 1000 3135 Caesaris
1023 3071 1077 3134 in·

86 3178 310 3245 terfectoribus
333 3180 374 3244 ab
410 3179 570 3264 equitibus
593 3180 747 3247 Romanis
766 3182 1024 3247 consi'iuereiur.
1045 3182 1078 3246 id

85 3291 180 3355 facile
215 3290 295 3357 effici
329 3313 420 3376 posse
455 3292 603 3357 arbitrati
637 3297 731 3372 sunt,
768 3295 795 3358 si
827 3293 988 3378 principes
1011 3293 1078 3359 eius

87 3401 209 3467 ordinis
243 3403 393 3486 pecunias
427 3404 647 3470 contulissent.
679 3405 788 3490 itaque
819 3405 999 3490 appellatus
1031 3409 1080 3472 esi

88 3537 107 3579 a
142 3515 177 3581 C.
214 3514 342 3600 Flavio,
377 3515 472 3581 Bruti
507 3515 676 3602 familiari,
707 3516 853 3596 Aiiicus,
884 3522 921 3582 ui
944 3519 1011 3584 eius
1032 3518 1080 3582 rei

88 3627 235 3715 princeps
283 3650 349 3696 esse
391 3628 497 3695 vellet.
542 3634 576 3695 at
616 3629 690 3715 ille,
735 3631 792 3714 qui
834 3629 937 3696 officia
971 3629 1080 3695 amicis

981 3741 1004 3784 s
