2460 4026
436 163 484 208 111.
510 161 627 207 conor.
653 142 684 206 4.
711 141 741 204 5.
1017 143 1060 207 45

67 361 133 404 non
152 339 221 403 sine
240 359 315 402 cura
334 358 401 400 rem
424 335 707 411 administrarant,
728 337 814 418 quod
826 336 929 400 maius
941 335 1062 401 bellum

67 450 236 515 imminere
267 449 523 525 arbitrabantur,
556 468 652 530 quam
684 447 807 511 sicum
832 448 968 511 barbaro
993 449 1061 512 solo
1130 461 1132 465 ’

68 562 309 627 contenderent.
335 582 411 624 nam
435 562 547 623 ducem
568 558 683 622 fortem
706 562 737 622 et
757 560 946 641 prudentem
966 560 1062 643 regiis

68 673 183 758 opibus
206 672 428 756 praefuturum
452 693 489 736 ac
511 692 619 734 secum
644 670 868 734 dimicaturum
892 671 1062 749 videbant,

68 807 163 871 quem
195 807 298 869 neque
328 783 460 848 consilio
493 804 595 866 neque
626 782 725 866 copiis
753 803 900 865 superare
924 784 1062 866 possent·

68 898 129 961 hac
152 900 259 960 mente
283 902 434 980 magnam
459 893 657 958 contrahunt
681 894 830 958 classem:
852 893 1092 976 proficiscun-4

69 1011 123 1072 tur
154 1008 310 1072 Pisandro
342 1009 431 1071 duce.
463 1005 522 1068 hos
555 1003 668 1069 Conon
697 1008 782 1088 apud
807 1004 944 1070 Cnidum
970 1005 1063 1068 ador-

68 1123 122 1184 tus
153 1139 273 1203 magno
304 1117 423 1202 proelio
452 1116 563 1199 fugat,
588 1117 706 1179 multas
729 1138 826 1180 naves
850 1117 952 1199 capit,
976 1136 1063 1180 com-

69 1232 176 1316 plures
211 1230 372 1313 deprimit.
407 1250 470 1311 qua
499 1227 633 1292 victoria
664 1248 730 1291 non
762 1229 864 1291 solum
896 1226 1063 1303 Athenae,

69 1344 125 1409 sed
166 1345 282 1407 cuncta
325 1339 474 1422 Graecia,
519 1361 601 1423 quae
645 1339 703 1402 sub
742 1338 1064 1403 Lacedaemoniorum

69 1455 177 1520 fuerat
206 1454 356 1538 imperio,
389 1436 523 1515 liberata
554 1454 611 1515 est.
647 1449 761 1517 Conon
794 1457 980 1535 eum·parte
1004 1468 1091 1517 rra-o

70 1567 160 1629 vium
190 1565 225 1629 in
256 1564 394 1649 patriam
426 1564 532 1640 venit,
567 1584 673 1627 muros
705 1563 827 1628 dirutos
857 1565 1064 1649 aLysandro

70 1681 242 1760 utrosque,
276 1680 309 1739 et
338 1675 442 1740 Piraei
466 1680 498 1738 et
521 1674 738 1752 Athenarum,
762 1675 948 1739 reficiendos
973 1681 1064 1740 curat

71 1787 287 1873 pecuniaeque
307 1787 541 1871 quinquaginta
560 1787 700 1862 talenta,
721 1808 802 1869 quae
821 1786 1065 1852 aPharnabano

72 1903 256 1984 acceperat,
282 1900 403 1963 civibus
426 1900 492 1963 suis
516 1902 625 1964 donat.

117 2010 246 2075 Accidit
275 2010 368 2088 huic,
400 2011 486 2096 quod
519 2010 631 2075 ceteris
662 2010 869 2094 mortalibus,
894 2016 930 2076 ut
953 2011 1096 2076 incon-5

72 2122 241 2187 sideratior
269 2122 304 2186 in
328 2123 466 2186 secunda
489 2144 586 2205 quam
608 2122 643 2185 in
667 2122 798 2185 adversa
822 2126 902 2186 esset
925 2122 1066 2186 fortuna.

71 2216 151 2298 nam
183 2233 280 2297 classe
307 2233 614 2318 Peloponnesiorum
644 2231 785 2308 devicta,
811 2254 883 2296 cum
905 2233 1009 2296 ultum
1034 2256 1066 2297 se

74 2345 209 2409 iniurias
241 2346 363 2429 patriae
387 2347 531 2428 putaret,
556 2341 649 2426 plura
672 2343 856 2427 concupivit
878 2367 975 2428 quam
999 2345 1066 2409 effi-

75 2479 146 2522 cere
177 2457 293 2541 potuit.
327 2478 431 2540 neque
461 2458 569 2518 tamen
603 2476 640 2518 ea
668 2476 736 2519 non
766 2456 820 2540 pia
847 2458 880 2520 et
901 2455 1096 2539 probandae

75 2569 224 2647 fuerunt,
249 2571 335 2653 quod
358 2567 465 2652 potius
489 2567 610 2651 patriae
632 2589 707 2651 opes
731 2567 841 2652 augeri
864 2589 960 2652 quam
984 2567 1069 2652 regis

75 2680 200 2747 maluit.
232 2703 308 2744 nam
337 2701 409 2742 cum
441 2701 591 2763 magnam
625 2680 847 2745 auctoritatem
875 2679 936 2744 sibi
959 2700 1070 2763 pugna

76 2792 132 2857 illa
156 2792 284 2869 navali,
312 2814 407 2875 quam
431 2794 516 2875 apud
540 2789 678 2856 Cnidum
697 2793 832 2869 fecerat,
853 2791 1070 2856 constituisset

65 2926 143 2973 ‚non
167 2906 270 2968 solum
294 2904 379 2967 inter
401 2903 572 2980 barbaros,
596 2905 650 2967 sed
673 2903 770 2966 etiam
789 2924 900 2966 omnes
920 2902 1070 2968 Graeciae

77 3015 240 3092 civitates,
277 3015 359 3078 clam
394 3015 468 3078 dare
501 3036 630 3099 operam
662 3014 782 3098 coepit,
816 3022 853 3077 ut
883 3014 1008 3078 Ioniam
1037 3017 1069 3076 et

75 3125 221 3190 Aeoliam
265 3126 447 3190 restitueret
485 3125 748 3190 Atheniensibus.
791 3127 824 3189 id
859 3146 930 3190 cum
964 3125 1098 3187 minus3

77 3237 248 3322 diligenter
266 3241 348 3302 esset
367 3238 523 3314 celatum,
545 3237 726 3316 Tiribazus‚
747 3239 802 3325 qui
814 3237 965 3303 Sardibus
976 3257 1069 3320 prae-

78 3351 160 3426 erat,
194 3346 360 3414 Cononem
383 3349 540 3426 evocarit,
567 3348 723 3413 simulans
746 3352 787 3413 ad
810 3369 917 3431 regem
942 3371 1014 3412 eum
1039 3371 1071 3412 se

78 3459 205 3524 mittere
229 3459 311 3524 velle
334 3481 454 3544 magna
478 3461 517 3524 de
539 3483 583 3524 re.
605 3460 699 3524 huius
721 3460 837 3524 nuntio
859 3483 974 3544 parens
998 3481 1071 3524 cum

79 3571 235 3650 venisset,
272 3562 307 3636 in
343 3572 471 3637 vincula
506 3573 667 3636 coniectus
702 3575 765 3649 est,
801 3572 836 3635 in
866 3572 981 3657 quibus
1012 3572 1070 3635 ali-
