2460 4026
452 188 476 232 1.
500 189 683 235 marianus.
710 169 741 232 8.
1077 166 1103 229 9

105 363 330 444 tyrannusque
362 361 468 426 fuerat
498 362 696 446 appellatus,
729 364 785 426 sed
808 362 922 426 iustus.
946 381 1012 424 non
1035 361 1104 423 erat

105 471 193 535 enim
226 470 258 535 vi
290 476 497 550 consecutus,
531 474 585 537 sed
609 495 739 537 suorum
765 473 946 550 voluntate,
970 490 1102 554 eamque
1165 542 1171 557 Ι

105 586 300 669 potestatem
331 583 475 648 bonitate
506 584 675 648 retinebat.
711 605 822 648 omnes
854 588 959 648 autem
991 586 1023 647 et
1053 582 1101 645 di-

106 697 224 757 cuntur
254 697 287 758 et
309 693 479 758 habentur.
493 695 643 779 tyranni,
668 695 723 779 qui
747 699 907 779 potestate
929 696 1005 759 sunt
1028 714 1101 776 per·

105 808 201 890 petua
224 805 259 868 in
284 827 321 868 ea
345 806 493 883 civitate,
516 828 597 891 quae
620 804 768 870 libertate
792 830 848 870 usa
874 811 963 872 esset.
989 807 1043 869 sed
1064 804 1100 867 in

105 916 252 981 Miltiade
277 921 344 981 erat
367 940 440 982 cum
464 940 587 982 summa
607 917 801 996 humanitas,
823 921 893 983 tum
913 919 993 983 mira
1012 937 1099 982 com·
1111 928 1134 975 4

107 1029 265 1106 munitas,
291 1032 329 1093 ut
351 1051 444 1093 nemo
469 1033 536 1093 tam
556 1029 686 1093 humilis
706 1033 797 1107 esset,
820 1030 871 1093 oui
889 1052 957 1094 non
977 1030 1102 1093 adeum

107 1141 213 1206 aditus
243 1144 386 1225 pateret,
410 1162 530 1226 magna
553 1142 725 1205 auctoritas
751 1142 836 1225 apud
859 1162 969 1204 omnes
993 1138 1101 1204 civita·

107 1257 171 1336 tes,
204 1253 312 1317 nobile
349 1274 482 1329 nomen,
515 1252 585 1316 laus
613 1252 659 1315 rei
681 1252 827 1315 militaris
852 1252 1000 1315 maxima.
1025 1250 1103 1314 haec

109 1364 247 1450 populus
269 1365 441 1449 respiciens
461 1364 574 1428 maluit
598 1362 689 1427 illum
710 1363 879 1427 innoxium
898 1363 994 1448 plecti
1006 1385 1102 1447 quam
1199 1360 1202 1365 ⁴

108 1497 143 1540 se
167 1477 287 1540 diutius
310 1499 376 1540 esse
399 1477 434 1539 in
459 1476 583 1541 timore.

408 1954 456 2027 Π.
482 1954 850 2029 THEMISTOOLES.

157 2156 402 2232 Themistocles,
444 2154 572 2220 Neoclis
615 2155 718 2232 filius,
753 2153 972 2230 Atheniensis,
1006 2152 1128 2218 hniusl

110 2268 191 2333 vitia
224 2268 364 2332 ineuntis
400 2267 629 2331 adolescentiae
664 2265 791 2350 magnis
826 2269 901 2329 sunt
933 2265 1101 2329 emendata

111 2378 300 2458 virtutibus,
332 2381 410 2443 adeo
445 2381 483 2442 ut
516 2378 712 2445 anteferatur
749 2378 824 2442 huic
859 2399 971 2455 nemo,
1006 2376 1101 2460 pauci

110 2512 203 2574 pares
234 2493 398 2574 putentur.
428 2490 482 2554 sed
514 2491 554 2553 ab
585 2490 679 2554 initio
712 2493 758 2553 est
790 2489 988 2553 ordiendum.
1010 2492 1131 2571 patera

110 2601 177 2665 eins
208 2600 343 2666 Neocles
375 2622 547 2686 generosus
575 2600 647 2665 fuit.
679 2601 707 2664 is
738 2620 869 2663 uxorem
893 2600 1101 2664 Halicarnas-

18 2754 21 2759 -
111 2712 190 2776 siam
221 2713 322 2777 civem
353 2713 461 2790 duxit,
495 2735 534 2777 ex
566 2736 628 2797 qua
661 2714 756 2776 natus
789 2715 838 2776 est
863 2712 1101 2778 Themistoclea.

112 2822 167 2906 qui
197 2844 269 2888 cnm
298 2824 404 2888 minus
436 2827 519 2888 esset
549 2824 701 2907 probatus
734 2822 937 2907 parentibus,
961 2825 1047 2908 quod
1071 2826 1103 2888 et

110 2934 241 3001 liberius
265 2936 394 3000 vivebat
417 2938 450 3000 et
472 2958 539 2999 rem
562 2936 753 3000 familiarem
772 2934 1102 3019 negligebat,apatre

112 3045 319 3110 exheredatus
342 3049 399 3110 est.
424 3069 505 3131 quae
528 3046 722 3111 contumelia
747 3068 815 3110 non
835 3046 932 3129 fregit
953 3069 1035 3121 eum,
1048 3046 1130 3109 seda

111 3157 220 3221 erexit.
244 3180 321 3221 nam
345 3180 417 3222 cum
440 3158 610 3223 iudicasset
633 3158 701 3222 sine
725 3179 848 3221 summa
866 3156 1025 3221 industria
1036 3177 1102 3221 non

110 3290 203 3352 posse
235 3291 304 3333 eam
336 3270 517 3354 exstingui,
540 3272 646 3334 toturn
669 3291 702 3333 se
726 3269 847 3332 dedidit
869 3268 916 3331 rei
939 3269 1101 3352 publicae,

111 3380 298 3465 diligentius
341 3382 451 3446 amicis
494 3380 659 3465 famaeque
702 3381 851 3445 serviens.
896 3379 1034 3443 multum
1068 3377 1101 3441 in

111 3491 236 3557 iudiciis
270 3492 404 3577 privatis
436 3493 639 3570 versabatur,
664 3514 757 3576 saepe
780 3492 815 3554 in
840 3491 1020 3556 contionem
1043 3512 1102 3575 po-

111 3604 180 3689 puli
211 3605 380 3691 prodibat;
412 3604 501 3668 nulla
532 3626 581 3669 res
614 3604 715 3667 maior
747 3603 815 3667 sine
847 3625 883 3669 eo
915 3602 1108 3687 gerebatnr3
