2460 4026
146 196 212 262 104
439 213 494 261 xx.
519 215 691 261 1111011011.
719 197 748 258 2.
776 192 805 255 3.

140 410 249 453 rursus
299 386 526 471 Syracusarum
570 387 690 471 potitus
732 390 789 450 est.
834 385 923 449 cuius
966 385 1143 449 adversarii

143 521 235 583 opem
261 521 279 562 a
304 496 480 563 Corinthiis
504 498 666 582 petierunt
690 499 881 581 ducemque,
906 496 1029 580 quoin
1053 496 1141 561 bello

140 615 322 694 uterentur,
357 609 571 693 postularunt.
604 610 668 673 huc
699 609 867 673 Timoleon
894 609 1009 673 missus
1034 608 1140 673 inore-

112 724 231 789 2dibili
259 722 413 785 felicitate
443 719 633 804 Dionysium
664 725 733 784 tota
764 719 873 785 Sicilia
903 720 1036 804 expulit.
1067 743 1140 784 eum

142 834 321 900 interficere
344 834 467 915 posset,
493 831 615 907 noluit,
640 834 773 915 tutoque
797 835 834 895 ut
853 830 1047 896 Corinthum
1065 853 1140 916 per·

142 945 268 1011 veniret
298 944 419 1020 effecit,
451 943 536 1027 quod
569 946 777 1026 utrorumque
807 942 1040 1026 Dionysiorum
1066 943 1139 1027 opi·

142 1058 202 1120 bus
226 1054 386 1120 Corinthii
410 1077 502 1138 saepe
526 1055 628 1119 adiuti
651 1053 796 1131 fuerant,
818 1054 906 1119 cuius
926 1055 1140 1139 benignitatis
1159 1090 1212 1110 -κ

142 1148 328 1232 memoriam
346 1167 481 1231 nolebat
505 1170 643 1248 exstare,
666 1187 799 1249 eamque
817 1167 1014 1250 praeclaram
1035 1168 1140 1233 uicto-

142 1281 224 1344 riam
245 1280 399 1356 dueebat,
420 1279 455 1341 in
475 1301 538 1362 qua
557 1280 629 1363 plus
647 1282 729 1343 esset
747 1279 933 1344 clementiae
949 1300 1046 1362 quam
1066 1301 1139 1344 cru-

142 1392 300 1468 delitatis,
327 1393 487 1473 postremo
511 1393 632 1454 utnon
651 1391 754 1454 solum
775 1391 903 1455 auribus
924 1391 1140 1474 acciperetur,

142 1505 196 1568 sed
229 1503 325 1566 etiam
357 1503 457 1566 oculis
483 1507 684 1580 cerneretur,
707 1525 803 1587 quem
828 1525 868 1567 ex
890 1506 1013 1587 quanto
1037 1523 1140 1586 regno

114 1615 183 1682 aad
216 1636 311 1698 quam
343 1613 508 1677 fortunam
538 1615 734 1679 detrusisset.
764 1619 838 1698 post
861 1614 1008 1698 Dionysii
1032 1618 1140 1680 111011-

143 1749 213 1791 1111
244 1749 316 1791 cum
347 1725 463 1790 Hiceta
493 1726 640 1804 bellavit,
673 1727 730 1810 qui
761 1728 945 1791 adversatus
968 1729 1037 1789 erat
1060 1725 1141 1791 Dio·
1214 1725 1216 1729 ’

144 1839 256 1922 nysio:
293 1860 388 1921 quem
423 1861 491 1903 101
527 1839 599 1902 0110
635 1839 814 1923 tyrannidis
850 1838 1051 1916 dissensisse,
1086 1840 1142 1904 sed

147 1948 296 2031 cupidate
331 1949 450 2012 indicio
485 1949 564 2026 fuit,
600 1951 686 2033 quod
720 1950 788 2032 ipse
823 1950 954 2033 expulso
985 1948 1144 2034 Dionysio

116 2059 314 2143 iimperium
350 2059 510 2123 dimittere
546 2050 674 2123 noluit
696 2060 757 2123 hoc
793 2063 942 2143 superato
974 2058 1142 2124 Timoleon
1188 2060 1191 2065 ’

145 2173 300 2238 maximas
345 2171 452 2255 copias
495 2169 811 2257 Carthaginiensium
848 2175 933 2256 apud
968 2169 1142 2235 Orimisnm

145 2286 265 2348 flumen
308 2282 435 2368 fugavit
477 2305 513 2347 ac
548 2284 625 2347 satis
658 2284 774 2348 habere
811 2282 933 2367 coligit,
969 2283 996 2346 si
1030 2282 1143 2347 liceret

146 2395 291 2460 Africam
320 2394 484 2471 obtinere,
516 2395 571 2478 qui
601 2395 665 2458 iam
690 2397 867 2479 complures
890 2415 994 2459 annos
1017 2416 1143 2478 posses-

148 2507 269 2571 sionem
313 2505 438 2570 Siciliae
484 2506 648 2569 tenebant.
682 2507 766 2590 cepit
797 2506 893 2570 etiam
930 2505 1142 2587 Mamercum,

20 2654 23 2658 ,
147 2617 297 2681 Italicum
328 2618 457 2692 ducem,
489 2617 653 2680 hominem
684 2618 870 2682 bellicosum
903 2621 935 2681 11
958 2620 1143 2701 potentem,

146 2728 203 2812 qui
226 2729 383 2810 tyrannos
407 2728 551 2791 adiutum
575 2729 610 2791 in
634 2728 774 2793 Siciliam
793 2734 934 2794 venerat.

127 2843 146 2904 3
194 2837 314 2914 Quibus
354 2840 448 2904 rebus
484 2839 636 2905 conlectis
672 2863 745 2905 cum
780 2844 911 2924 propter
946 2840 1144 2904 diuturnita-

148 2955 214 3016 tem
238 2951 314 3015 belli
336 2973 403 3014 non
426 2951 530 3016 solum
542 2951 706 3035 regiones,
730 2952 786 3015 sed
809 2951 905 3016 etiam
930 2952 1023 3015 urbes
1036 2952 1142 3016 deser-

148 3067 199 3128 tas
222 3062 358 3140 videret,
384 3063 577 3147 conquisivit
596 3085 676 3147 quos
700 3063 824 3147 potuit,
850 3063 989 3146 primum
1001 3060 1142 3147 Siculos,

149 3176 224 3239 dein
255 3174 411 3240 Corintho
445 3175 607 3239 arcessivit
639 3176 784 3251 colonos,
814 3174 899 3256 quod
922 3173 963 3237 ab
986 3173 1025 3237 iis
1047 3173 1143 3237 initio

121 3284 324 3369 aSyracusae
348 3291 440 3351 erant
463 3286 619 3350 conditae.
645 3285 768 3350 civibus
793 3285 951 3349 veteribus
971 3308 1028 3350 sua
1048 3286 1143 3350 resti·

150 3398 231 3481 tuit,
256 3398 347 3463 novis
372 3398 457 3462 bello
481 3397 682 3462 vacuefactas
705 3396 920 3480 possessiones
943 3397 1068 3475 divisit,
1089 3420 1144 3462 ur-

151 3510 240 3574 bium
272 3509 399 3573 moenia
422 3508 552 3573 disiecta
574 3508 713 3590 fanaque
737 3509 860 3572 deserta
882 3507 1007 3585 refecit,
1032 3508 1145 3573 civita-

151 3621 237 3686 tibus
269 3621 355 3705 leges
386 3620 630 3704 libertatemque
653 3619 810 3685 reddidit:
835 3642 873 3684 ex
896 3619 1036 3683 maximo
1060 3620 1146 3685 bello
