2460 4026
428 137 498 220 Ἰν.
523 175 709 220 elusanus.
738 155 767 218 l.
1040 153 1081 219 19

83 353 177 420 muni
207 353 305 417 classe
335 355 417 415 esset
449 349 599 415 Graeciae
626 349 721 414 simul
743 369 817 412 cum
840 346 1017 423 Pausania,
1042 349 1079 410 ut

84 487 210 530 summa
240 441 367 549 imperii
384 461 551 526 ¹maritimi
575 462 615 526 ab
641 459 901 525 Lacedaemoniis
923 457 1079 522 transfer·

83 577 173 640 retur
195 574 236 638 ad
255 574 486 638 Athenienses:
510 594 649 656 namque
673 573 713 635 ad
736 571 770 634 id
794 573 919 654 tempus
944 569 1079 632 otmari

82 688 116 750 ct
149 689 235 750 terra
271 688 366 749 duces
397 687 490 749 erant
521 683 772 748 Lacedaemonii.
806 685 876 745 tum
909 684 1015 744 autem
1048 682 1107 743 ets

81 796 331 881 intemperantia
360 797 537 861 Pausaniae
569 799 602 860 et
631 796 755 860 iustitia
784 794 906 858 factum
931 795 979 856 est
1003 790 1078 854 Ari-

81 907 192 985 stidis,
217 911 255 970 ut
278 928 388 972 omnes
411 908 477 972 fere
501 908 645 973 civitates
669 907 818 972 Graeciae
838 906 878 968 ad
897 904 1078 968 Athenien-

82 1020 164 1084 sium
196 1019 381 1084 societatem
411 1041 444 1083 se
476 1021 675 1104 applicarent
698 1023 731 1084 et
753 1018 903 1083 adversus
927 1017 1079 1082 barbaros

82 1130 142 1194 hos
167 1130 262 1194 duces
286 1129 463 1213 deligerent
487 1131 557 1197 sibi.

128 1239 216 1316 Quos
258 1261 321 1324 quo
364 1239 489 1306 facilius
531 1242 738 1325 repellerent,
780 1242 808 1305 si
841 1241 925 1304 forte
959 1241 1110 1306 bellum3

83 1373 237 1418 renovare
256 1346 465 1430 conarentur,
485 1353 526 1417 ad
546 1353 661 1418 classes
681 1352 892 1417 aedificandas
903 1353 1075 1417 exercitus-

82 1483 145 1547 que
175 1464 408 1545 comparandos
439 1467 595 1548 qnantum
621 1465 774 1549 pecuniae
796 1486 939 1548 quaeque
968 1465 1079 1529 civitas

83 1574 190 1651 daret,
222 1573 379 1639 Aristides
411 1575 552 1640 delectus
583 1581 631 1641 est
664 1577 719 1661 qui
744 1577 969 1653 constitueret,
995 1578 1077 1640 eius-

83 1707 144 1770 que
176 1686 309 1750 arbitrio
340 1687 562 1770 quadringena
592 1691 624 1751 et
652 1710 811 1772 sexagena
835 1687 958 1751 talenta
981 1693 1077 1771 quot-

84 1797 180 1861 annis
210 1797 327 1861 Delum
359 1800 437 1861 sunt
468 1797 597 1862 collata:
630 1799 664 1903 id
688 1799 772 1864 enim
797 1819 965 1864 commune
989 1821 1078 1863 aera-

83 1908 167 1972 rium
207 1931 275 1973 esse
311 1909 492 1974 voluerunt.
529 1932 608 1995 quae
644 1911 747 1975 omnis
783 1913 919 1995 pecunia
953 1917 1079 1997 postero

84 2021 230 2104 tempore
262 2019 406 2085 Athenas
432 2022 590 2086 translata
613 2027 669 2086 est.
694 2023 747 2086 hic
771 2045 834 2106 qua
858 2023 955 2088 fuerit
978 2025 1107 2090 abati-2

86 2132 216 2207 nentia,
237 2132 362 2196 nullum
382 2134 431 2196 est
448 2133 563 2196 certius
581 2133 753 2210 indicium,
774 2155 869 2217 quam
891 2135 994 2218 quod,
1008 2157 1080 2198 cum

84 2243 187 2306 tantis
212 2243 305 2308 rebus
329 2243 535 2329 praefuisset,
555 2245 590 2307 in
610 2247 703 2308 tanta
722 2248 910 2328 paupertate
930 2245 1079 2323 decessit,

84 2358 122 2419 ut
143 2354 199 2438 qui
220 2354 382 2420 efferretur
403 2356 457 2420 vix
477 2357 649 2440 reliquerit.
672 2379 735 2441 qno
753 2356 875 2421 factum
888 2361 936 2421 est
948 2361 985 2420 ut
996 2357 1108 2421 filiaea

85 2467 152 2532 eius
175 2466 303 2551 publice
327 2469 488 2532 alerentur
512 2472 544 2532 et
567 2470 606 2533 de
629 2469 792 2532 communi
812 2469 933 2532 aerario
953 2469 1081 2533 dotibus

86 2579 170 2644 datis
201 2579 444 2653 collocarentur.
478 2580 612 2643 decessit
642 2583 749 2643 autem
773 2579 838 2644 fere
862 2582 937 2663 post
959 2603 1081 2644 annum

84 2694 254 2776 quartum,
287 2712 383 2775 quam
417 2689 645 2767 Themistocles
668 2690 806 2756 Athenis
831 2695 899 2756 erat
921 2693 1079 2776 expulsus.

517 2953 689 2962 ———-.

411 3083 474 3157 IV.
500 3084 788 3160 PAUSANIAS.

130 3264 306 3330 Pausanias
339 3263 607 3329 Lacedaemonius
638 3287 775 3351 magnus
805 3267 918 3345 hom0,
943 3271 998 3332 sed
1022 3271 1105 3334 va-l

87 3375 151 3440 rius
181 3377 217 3441 in
251 3376 341 3439 omni
369 3396 483 3461 genere
515 3377 599 3441 vitae
630 3377 709 3443 fuit:
740 3401 816 3442 nam
846 3383 883 3442 ut
905 3380 1078 3444 virtutibus
1200 3452 1201 3456 Ἰ

88 3487 204 3566 eluxit,
241 3488 286 3552 sic
323 3487 408 3552 vitiis
442 3492 490 3552 est
524 3488 667 3554 obrutus.
704 3490 797 3554 huius
827 3491 1078 3556 illustrissimum

88 3604 135 3663 est
164 3599 321 3684 proelium
351 3600 437 3684 apud
468 3599 625 3667 Plataeas.
649 3622 788 3685 namque
809 3602 866 3667 illo
890 3604 968 3668 duce
991 3603 1107 3668 Mar-2
