2460 4026
153 173 216 238 rac
372 139 374 144 ’
419 194 494 238 m.
520 193 657 240 imaus.
683 175 827 242 14-16.

75 413 77 416 ,
150 345 217 423 vit,
248 344 331 411 nihil
362 348 400 409 de
432 346 517 411 vitae
548 347 794 426 consuetudine,
818 352 974 433 tantaque
995 370 1072 414 usus
1096 361 1148 415 est

152 457 385 540 moderatione,
422 461 460 521 ut
489 479 592 543 neque
621 458 657 523 in
695 460 838 524 sestertio
863 460 977 538 vicies,
1009 461 1096 546 quod
1126 484 1150 526 a

152 570 243 654 patre
271 573 452 653 acceperat,
483 593 596 655 parum
627 592 660 636 se
691 570 855 657 splendide
882 572 1016 656 gesserit
1038 595 1143 657 neque

61 759 64 767 ί
151 680 185 745 in
217 681 361 746 sestertio
394 681 513 746 centies
545 680 727 747 affluentius
759 682 890 766 vixerit,
924 705 1020 768 quam
1051 683 1146 749 insti·

153 795 277 877 tuerat,
309 792 442 877 parique
472 793 602 878 fastigio
633 794 757 858 steterit
783 794 818 859 in
840 797 977 878 utraque
1000 794 1144 862 fortuna.

125 904 259 969 anullos
289 904 404 969 habuit
428 905 556 982 hortos,
582 904 704 969 nullam
729 905 946 971 suburbanam
969 913 1027 971 aut
1048 908 1146 972 mari-

152 1016 264 1080 timam
299 1019 495 1080 sumtuosam
530 1015 658 1100 villam,
693 1038 797 1102 neque
827 1017 861 1082 in
892 1017 990 1082 Italia
1019 1022 1150 1104 praeter

23 1184 25 1188 .
153 1128 341 1194 Arretinum
368 1130 401 1192 et
423 1126 664 1192 Nomentanum
688 1129 843 1193 rusticum
866 1130 1049 1214 praedium,
1077 1154 1146 1197 om-

154 1241 268 1325 nisque
300 1241 366 1305 eius
396 1240 550 1326 pecuniae
580 1240 701 1304 reditus
729 1235 897 1305 constabat
918 1242 953 1305 in
974 1241 1150 1327 Epiroticis

155 1356 187 1417 et
222 1353 353 1418 urbanis
387 1352 649 1437 possessionibus.
686 1375 724 1417 ex
758 1375 822 1438 quo
856 1354 1007 1438 cognosci
1039 1356 1151 1440 potest

155 1487 246 1528 usum
278 1487 349 1529 eum
382 1465 534 1548 pecuniae
563 1485 630 1528 non
663 1464 903 1550 magnitudine,
935 1469 991 1531 sed
1022 1467 1151 1531 ratione

155 1575 261 1638 metiri
283 1575 423 1640 solitum.

111 1685 153 1752 15
201 1686 405 1752 Mendacium
447 1677 567 1772 neque
594 1688 719 1753 dicebat
760 1710 864 1773 neque
906 1689 976 1773 pati
1008 1691 1147 1774 poterat.

155 1793 263 1885 itaque
295 1799 362 1864 eius
393 1799 524 1864 comitas
555 1821 619 1864 non
654 1800 723 1864 sine
757 1800 924 1865 severitate
953 1802 1023 1864 erat
1044 1821 1150 1885 neque

156 1910 298 1994 gravitas
329 1911 397 1975 sine
428 1910 599 1989 facilitate,
630 1914 670 1975 ut
699 1911 825 1976 difficile
856 1914 939 1976 esset
964 1911 1147 1994 intellectu,

155 2025 264 2086 utrum
288 2043 360 2086 eum
380 2022 474 2086 amici
491 2023 595 2106 magis
614 2026 798 2087 vererentur
817 2045 859 2086 an
879 2025 1034 2086 amarent.
1054 2022 1149 2106 quid-

157 2135 234 2220 quid
265 2135 456 2218 rogabatur,
485 2133 632 2219 religiose
655 2133 884 2220 promittebat,
907 2134 993 2219 quod
1017 2155 1083 2198 non
1105 2133 1148 2197 li-

156 2246 272 2311 beralis
296 2246 454 2324 hominis,
478 2248 533 2311 sed
556 2246 635 2312 levis
658 2246 873 2311 arbitrabatur
895 2245 1040 2331 polliceri
1062 2246 1150 2330 quod

129 2361 319 2445 apraestara
350 2380 415 2423 non
447 2361 564 2442 posset.
593 2360 679 2422 idem
709 2357 745 2421 in
776 2358 914 2435 tuendo,
942 2357 1028 2442 quod
1051 2357 1148 2437 semel

158 2471 343 2548 annuisset,
374 2473 466 2534 tanta
497 2474 565 2534 erat
596 2491 689 2547 cura,
718 2474 844 2533 utnon
865 2469 1070 2547 mandatam,
1094 2469 1150 2533 sed

159 2605 250 2648 suam
284 2582 351 2647 rem
386 2582 546 2646 videretur
580 2602 685 2666 agere.
716 2603 891 2666 numquam
923 2581 1061 2665 suseepti
1092 2601 1151 2645 ne-

159 2695 240 2780 gotii
270 2717 343 2759 eum
365 2697 545 2778 pertaesum
569 2697 636 2757 est:
660 2715 749 2758 suam
773 2694 858 2758 enim
882 2691 1151 2757 existimationem

131 2807 194 2872 ain
222 2828 259 2871 ea
281 2827 316 2870 re
339 2805 392 2890 agi
415 2804 568 2889 putabat,
593 2824 667 2890 qual
678 2805 762 2869 nihil
784 2805 924 2870 habebat
947 2803 1060 2868 carius.
1085 2823 1151 2888 quo

159 2920 258 2985 fiebat
276 2921 315 2982 ut
333 2917 441 2982 omnia
461 2914 666 2995 Ciceronum,
685 2917 731 2983 M.
750 2913 896 3000 Catonis,
915 2915 952 2991 Q.
964 2915 1150 2994 Hortensii,

160 3031 202 3097 A.
233 3029 404 3115 Torquati,
436 3030 611 3094 multorum
633 3033 797 3114 praeterea
819 3028 962 3111 equitum
985 3027 1150 3092 Romano-

161 3167 233 3210 rum
259 3143 391 3229 negotia
414 3144 608 3227 procuraret.
633 3163 672 3205 ex
696 3161 759 3225 quo
778 3139 912 3204 iudicari
935 3141 1062 3224 poterat
1084 3158 1151 3202 non

160 3256 296 3334 inertia,
318 3256 373 3320 sed
392 3255 510 3319 iudicio
530 3255 649 3339 fugisse
663 3251 868 3337 reipublicae
880 3250 1150 3337 procurationem.

118 3368 160 3434 16
206 3367 427 3433 Humanitatis
458 3387 532 3431 vero
564 3365 690 3431 nullum
725 3363 837 3428 afferre
871 3362 973 3427 maius
1007 3361 1152 3426 testimo·

161 3481 252 3545 nium
271 3501 418 3563 possum,
438 3500 534 3563 quam
549 3477 635 3563 quod
654 3476 836 3541 adolescens
854 3475 938 3539 idem
959 3474 1027 3538 seni
1047 3472 1156 3539 Sullae

162 3593 226 3657 fuit
248 3589 511 3668 iucundissimus,
534 3611 631 3654 senex
653 3586 848 3653 adolescenti
871 3585 915 3651 M.
938 3585 1059 3663 Bruto,
1079 3606 1152 3650 cum
