2460 4026
401 171 485 217 xvir.
510 171 694 216 sensimus.
721 152 751 216 2.
778 152 809 214 3.
963 151 964 154 ’
1052 154 1095 218 83

102 345 300 432 pervenerit,
336 367 433 429 quam
466 345 547 429 regii
581 347 727 427 satrapae
761 365 833 408 eum
867 345 985 409 scirent
1020 366 1095 429 pro-

102 457 233 523 fectum.
276 477 340 540 qno
382 456 503 520 factum
538 459 586 520 est
620 460 658 521 ut
680 477 790 520 omnes
823 455 998 540 imparatos
1032 456 1094 519 im-

102 569 341 654 prudentesque
363 567 547 632 offenderet.
572 568 606 631 id
629 570 671 651 ut
689 567 842 652 cognovit
868 567 1124 651 Tissaphernese

102 681 161 765 qui
183 701 343 745 summum
367 679 537 763 imperium
559 684 630 744 turn
651 679 738 744 inter
760 679 936 764 praefectos
955 678 1096 742 habebat

102 791 226 874 regios,
261 789 408 854 inducias
443 813 462 854 a
493 789 621 856 Lacone
650 791 762 875 petiit,
786 790 941 853 simulans
964 810 996 853 se
1020 790 1096 853 dare

103 923 251 986 operam,
283 905 321 965 ut
351 901 608 967 Lacedaemoniis
641 923 720 980 cumr
735 921 810 985 rege
835 902 1037 979 conveniret,
1061 922 1096 964 re

103 1017 212 1079 autem
235 1034 310 1077 vcra
332 1016 373 1077 ad
393 1013 500 1097 copias
520 1014 764 1097 comparandas,
786 1011 1096 1095 easqueimpetravit

102 1124 289 1189 trimestres.
323 1125 442 1189 iuravit
478 1128 584 1189 autem
619 1128 752 1209 uterque
788 1145 821 1188 se
853 1123 921 1187 sine
945 1123 1017 1188 dolo
1041 1126 1123 1190 in-4

105 1236 216 1301 ducias
250 1239 520 1301 conservaturum.
555 1237 590 1299 in
625 1258 689 1321 qua
711 1235 860 1319 pactione
883 1257 1007 1299 summa
1032 1236 1095 1301 fide

103 1347 225 1410 mansit
247 1346 432 1431 Agesilaus:
457 1350 570 1411 contra
592 1369 629 1411 ea
652 1347 879 1431 Tissaphernes
902 1346 985 1410 nihil
1009 1348 1096 1412 aliud

103 1481 201 1544 quam
225 1459 345 1523 bellum
369 1459 576 1543 comparavit.
599 1459 633 1522 id
656 1459 717 1524 etsi
740 1457 898 1523 sentiebat
921 1459 1023 1536 Laco,
1044 1463 1122 1525 ta-5

103 1591 179 1634 men
203 1569 423 1633 iusiurandum
447 1568 594 1633 servabat
616 1569 817 1654 multumque
839 1570 874 1633 in
898 1591 934 1633 eo
960 1591 993 1633 se
1017 1591 1094 1634 con-

102 1680 194 1763 sequi
218 1680 357 1757 dicebat,
385 1680 471 1764 quod
493 1679 721 1764 Tissaphernes
744 1681 883 1764 periurio
908 1683 1016 1745 sno-et
1035 1680 1094 1744 ho-

102 1791 207 1855 rnines
252 1792 317 1856 suis
358 1791 453 1855 rebus
494 1790 689 1855 abalienaret
724 1793 757 1855 et
791 1793 865 1855 deos
900 1792 962 1856 sibi
996 1792 1094 1857 iratos

103 1903 268 1981 redderet,
305 1924 338 1967 se
372 1907 478 1967 autern
511 1906 697 1967 conservata
726 1903 882 1988 religione
906 1904 1094 1968 confirmare

104 2014 296 2092 exercitum,
321 2035 392 2078 cum
417 2014 685 2079 animadverteret
701 2017 833 2080 deorum
853 2038 973 2079 numen
992 2016 1095 2080 facere

103 2145 230 2201 secum,
265 2122 474 2208 hominesque
508 2125 570 2188 sibi
604 2125 768 2189 conciliari
802 2126 984 2204 amiciores,
1010 2130 1096 2211 quod

102 2236 144 2300 iis
179 2236 306 2300 studere
339 2239 560 2318 consuessent,
597 2256 676 2320 quos
710 2257 896 2301 conservare
926 2237 1022 2302 fidem
1045 2238 1094 2302 vi·
1171 2287 1175 2295 .

103 2348 228 2410 derent.

149 2457 325 2543 Postquam
369 2458 571 2523 induciarum
612 2460 777 2543 praeteriit
819 2460 902 2536 dies,
938 2458 1126 2524 barbarus3

101 2591 170 2634 non
203 2569 372 2648 dubitans,
408 2570 494 2653 quod
528 2569 628 2654 ipsius
658 2575 749 2635 erant
771 2571 909 2653 plurima
934 2570 1094 2636 domicilia

101 2683 138 2747 in
171 2680 264 2747 Caria
287 2686 319 2746 et
340 2703 377 2746 ea
399 2682 487 2765 regio
510 2682 550 2746 iis
572 2681 769 2765 temporibus
792 2681 895 2746 multo
919 2675 1095 2767 putabatur

100 2793 369 2879 locupletissima,
395 2813 431 2858 eo
451 2793 653 2878 potissimum
676 2793 784 2858 hostes
807 2794 963 2877 impetum
987 2793 1094 2858 factu-

101 2927 169 2982 ros,
203 2925 314 2969 omnes
345 2925 418 2980 suas
441 2904 548 2988 copias
571 2925 608 2968 eo
633 2907 845 2969 contraxerat.
868 2907 903 2968 at
924 2904 1121 2988 Agesilausa

99 3017 136 3081 in
169 3016 346 3100 Phrygiam
375 3037 408 3080 se
432 3016 591 3080 convertit
613 3037 747 3100 eamque
770 3017 858 3100 prius
883 3015 1093 3099 depopulatus

100 3129 167 3205 est,
200 3149 297 3210 quam
327 3127 553 3212 Tissaphernes
584 3149 718 3212 usquam
742 3149 775 3192 se
798 3128 950 3191 moveret.
975 3143 1093 3206 magna

99 3242 219 3326 praeda
264 3238 421 3303 militibus
466 3238 669 3323 locupletatis
710 3236 874 3322 Ephesum
916 3235 1092 3298 hiematum

100 3350 274 3415 exercitum
309 3348 436 3413 reduxit
471 3350 567 3432 atque
588 3347 635 3412 ibi
657 3346 791 3413 officinis
813 3367 974 3411 armorum
999 3346 1092 3411 insti-

100 3461 181 3526 tutis
208 3481 328 3544 magna
350 3458 510 3525 industria
533 3458 653 3524 bellum
677 3459 855 3545 apparavit.
880 3462 913 3522 et
935 3479 999 3543 quo
1024 3461 1054 3522 st
1077 3495 1092 3507 -

99 3572 219 3639 diesim
255 3574 455 3637 armarentur
476 3571 698 3656 insigniusque
720 3571 929 3649 ornarentur,
953 3569 1093 3654 praemia
