2460 4026
399 205 467 250 xrv.
493 205 646 250 aurnuns.
674 187 726 251 10.
754 185 805 249 11.
1037 185 1079 249 69

89 403 172 445 mem
203 378 323 455 mittit;
352 377 423 460 pari
454 378 548 441 modo
580 379 744 463 complura
765 379 894 444 castella
916 380 946 443 11
969 379 1078 443 tradit.

88 493 168 557 haec
199 492 253 555 diu
277 488 423 553 faciendo
446 490 605 573 persuasit
627 489 751 554 homini
774 513 807 554 se
831 489 997 554 infinitum
1021 491 1108 555 sad-s
1205 538 1209 547 ,

87 626 197 670 versus
232 623 340 686 regem
375 600 549 684 suscepisse
572 601 707 678 bellum,
735 623 807 666 eum
831 602 933 666 nihilo
957 602 1076 686 magis,

87 738 130 781 ne
152 736 250 799 quam
273 713 485 796 suspicionem
508 711 558 775 illi
569 713 736 796 praeberet
749 713 955 791 insidiarum,
976 734 1079 798 neque

87 826 282 911 colloquium
314 824 381 888 cius
415 824 509 907 petiit
542 846 646 909 neque
675 824 711 890 in
742 827 948 915 conspectum
971 824 1079 890 venire
1195 820 1198 827 ’

87 938 220 1004 studuit.
231 925 301 1000 ‘sio
333 935 447 1000 absens
472 935 635 999 amicitam
659 938 807 1021 gerebat,
831 941 867 1001 ut
890 958 957 1001 non
980 937 1077 1001 bene·

86 1049 166 1115 ficiis
201 1047 339 1130 mutuis,
376 1049 430 1110 sed
455 1047 617 1110 communi
649 1048 739 1132 odio,
763 1049 850 1132 quod
872 1068 948 1132 erga
970 1069 1078 1133 regem

68 1152 308 1246 susceperant,
334 1158 493 1223 contineri
516 1159 711 1224 viderentur.

132 1273 170 1338 Id
202 1293 274 1337 cum
292 1269 383 1334 satis
406 1292 439 1334 se
462 1269 666 1334 confirmasse
690 1272 864 1337 arbitratus
885 1277 984 1356 esset,
1009 1273 1121 1336 cer-ll

84 1384 200 1449 tiorem
231 1382 309 1446 facit
339 1380 527 1460 Datamem,
550 1387 678 1466 tempus
701 1405 768 1448 asse
790 1385 924 1449 maiores
946 1405 996 1448 res
1019 1407 1077 1468 pa·

85 1493 150 1559 rari
181 1497 213 1557 et
244 1492 363 1557 bellum
393 1515 467 1556 cum
490 1495 558 1577 ipso
582 1515 657 1578 rege
681 1494 815 1579 suscipi,
841 1499 941 1580 deque
964 1517 1001 1560 ea
1023 1517 1074 1572 re,

85 1606 112 1670 si
147 1605 176 1668 ei
206 1604 383 1680 videretur,
419 1625 483 1687 quo
514 1605 583 1668 loco
607 1605 721 1683 vellet,
745 1606 780 1669 in
804 1607 998 1691 colloquium
1022 1629 1076 1671 ve-

84 1718 179 1782 niret.
224 1716 360 1800 probata
393 1736 427 1779 re
461 1716 664 1800 colloquendi
699 1719 825 1801 tempus
858 1718 994 1781 sumitur
1028 1716 1076 1779 lo·
1165 1748 1168 1756 ·

84 1850 218 1913 cusque,
264 1849 327 1911 quo
374 1827 606 1892 conveniretur.
653 1829 717 1893 huc
759 1829 963 1894 Mithridates
1005 1844 1105 1893 cuma

83 1962 167 2018 uno,
202 1939 253 2003 cui
287 1938 425 2002 maxime
456 1938 597 2004 habebat
620 1939 735 2018 fldem,
760 1944 835 2005 ante
859 1941 982 2025 aliquot
1011 1941 1077 2006 dies

83 2052 173 2119 venit
207 2050 486 2134 compluribusque
518 2051 595 2115 locis
628 2053 799 2135 separatim
811 2053 946 2137 ,gladios
969 2053 1076 2117 obruit

83 2184 182 2247 eaque
203 2162 275 2227 loca
299 2161 470 2246 diligenter
493 2165 594 2226 notat.
622 2164 691 2247 ipso
716 2167 824 2227 autem
849 2164 1000 2248 colloquii
1025 2165 1075 2228 die

83 2275 227 2358 utrique,
264 2274 370 2338 locum
402 2273 458 2357 qui
490 2274 693 2357 explorarent
717 2277 812 2358 atque
835 2277 921 2360 ipsos
952 2279 1075 2341 scruta·

82 2390 213 2463 rentur,
236 2384 385 2449 mittunt:
413 2384 528 2449 deinde
551 2385 613 2469 ipsi
637 2389 713 2451 sunt
736 2388 907 2472 congressi.
931 2388 984 2451 hic
1003 2404 1103 2452 cuma

82 2498 279 2583 aliquamdiu
314 2497 349 2560 in
380 2496 538 2580 colloquio
562 2495 698 2562 tuissent
722 2501 755 2562 et
774 2499 892 2564 diversi
914 2500 1074 2565 discessis·
1156 2587 1157 2590 Ἴ

82 2614 155 2677 sent
193 2610 320 2692 iamque
351 2608 463 2692 procul
497 2607 650 2702 Datames
685 2610 814 2687 abesset,
853 2611 1073 2697 Mithridates,

81 2723 269 2809 priusquam
296 2723 337 2785 ad
361 2742 433 2784 suos
457 2722 655 2805 perveniret,
679 2744 720 2786 nc
743 2746 840 2807 quam
863 2725 1075 2809 suspicionem

81 2835 225 2920 pareret,
259 2832 295 2897 in
330 2835 465 2896 eundem
495 2833 601 2897 locum
624 2834 794 2899 revertitur
817 2839 912 2920 atque
934 2837 994 2915 ibi,
1019 2837 1075 2901 nbi

81 2947 182 3010 telum
215 2947 285 3008 erat
307 2942 481 3027 infossum,
506 2944 639 3022 resedit,
661 2948 699 3009 ut
720 2946 747 3009 si
768 2947 956 3012 lassitudine
979 2970 1073 3033 cupe-

81 3061 130 3122 ret
158 3057 373 3141 acquiescere,
404 3054 637 3139 Datememque
660 3059 840 3136 revocavit,
864 3059 1017 3123 simulans
1041 3082 1074 3124 se

80 3169 232 3253 quiddam
268 3173 303 3236 in
340 3167 498 3254 colloquio
532 3188 598 3231 esse
630 3169 776 3234 oblitum.
802 3170 931 3234 interim
954 3171 1102 3250 telum,4

80 3283 164 3365 quod
187 3284 327 3366 latebat,
351 3281 488 3368 protulit
508 3281 728 3366 nudatumque
747 3283 867 3367 vagina
888 3285 975 3347 veste
992 3284 1075 3349 texit

79 3413 115 3458 ac
149 3392 279 3459 Datami
302 3395 446 3460 venienti
470 3395 533 3473 ait,
559 3379 792 3480 digredientem
815 3414 847 3458 se
872 3394 1071 3460 animadver-

79 3503 154 3570 tisse
186 3506 293 3570 locum
329 3508 508 3590 quendam,
557 3509 613 3592 qui
648 3510 716 3573 erat
749 3506 785 3571 in
815 3510 1007 3591 conspectu,
1032 3509 1073 3570 ad

80 3616 183 3681 castra
231 3619 378 3702 ponenda
414 3640 480 3683 esse
514 3619 684 3696 idoneum3
723 3640 817 3703 quem
854 3639 926 3682 cum
968 3618 1099 3703 digitos
