2460 4026
168 208 210 271 60
437 226 511 271 x111.
535 225 724 270 runorrmus.
752 206 781 268 3.
807 203 838 266 4.

164 402 329 485 opulentia
357 402 393 466 in
417 400 537 464 crimen
561 399 753 476 vocabatur,
777 401 907 462 domum
933 399 1081 461 revocat:
1106 415 1161 458 ac-

28 538 31 543 ·
164 516 316 577 eusantur
357 511 557 596 proditionis.
598 511 659 575 hoe
692 511 809 574 iudicio
845 512 1016 574 damnatur
1049 507 1161 571 Timo-

120 696 123 703 ·
163 624 258 688 theus
301 624 403 708 lisque
446 624 511 687 eius
545 624 730 688 aestimatur
761 627 892 687 centum
928 621 1071 686 talentis.
1106 620 1163 684 ille

163 737 236 800 odio
260 736 408 819 ingratae
432 736 570 800 civitatis
594 733 777 800 Chalcidem
800 756 833 799 se
857 733 1005 798 contulit.

133 829 163 911 4'
209 847 314 912 Huius
345 850 418 931 post
443 850 577 911 mortem
602 869 675 911 oum
699 846 855 930 populum
878 845 987 909 iudicii
1010 845 1059 908 sui
1082 866 1162 928 pee-

164 959 299 1042 niteret,
332 958 451 1023 multae
483 979 598 1022 novem
631 959 738 1041 partes
762 957 900 1021 detraxit
922 961 954 1020 et
978 957 1086 1020 decem
1110 959 1162 1020 ta-

162 1071 252 1135 lenta
284 1068 466 1148 Cononem,
492 1070 594 1134 filium
618 1071 701 1148 eius,
727 1070 767 1133 ad
790 1069 874 1133 muri
896 1073 1060 1152 quandam
1085 1090 1163 1152 par-

37 1212 40 1217 *
162 1186 229 1247 tem
252 1184 456 1248 reficiendam
477 1184 570 1248 iussit
594 1183 678 1247 dare.
704 1183 739 1246 in
763 1204 826 1267 quo
849 1181 999 1246 fortunae
1023 1181 1164 1244 varietas

161 1299 209 1359 est
240 1295 472 1360 animadversa.
504 1318 580 1359 nam
611 1317 690 1380 quos
722 1317 800 1360 avus
824 1292 938 1361 Conon
960 1313 1068 1357 muros
1093 1319 1163 1360 cum

161 1410 302 1471 marimo
328 1408 430 1491 plocio
461 1430 499 1472 ex
528 1407 669 1472 hostium
692 1408 810 1492 praeda
832 1407 954 1493 patriae
976 1405 1164 1470 restituerat

161 1518 288 1581 eosdem
319 1540 419 1603 nepos
451 1541 523 1584 cum
555 1507 680 1584 summa
707 1520 887 1604 ignominia
910 1541 949 1584 ex
972 1540 1030 1582 sua
1052 1540 1087 1582 re
1110 1517 1162 1580 fa-

134 1629 277 1693 amiliari
309 1630 437 1695 reficere
468 1635 595 1696 coactus
627 1634 685 1697 est.
717 1630 878 1696 Timothei
909 1632 1017 1694 autem
1048 1629 1161 1694 mode-

161 1745 251 1806 ratae
280 1743 495 1827 sapientisque
525 1742 609 1807 ritae
633 1765 704 1806 cum
728 1744 879 1826 pleraque
903 1741 1060 1826 possimus
1084 1761 1161 1824 pro-

160 1852 242 1917 ferre
284 1854 486 1931 testimonia,
530 1874 595 1917 unc
639 1854 754 1918 erimus
796 1853 955 1931 contenti,
999 1855 1087 1936 quod
1122 1873 1163 1915 ex

163 1985 199 2028 eo
223 1963 315 2028 facile
340 1965 454 2029 coniici
478 1967 612 2049 poterit,
637 1988 733 2050 quam
757 1987 848 2030 carus
871 1967 936 2031 suis
959 1965 1067 2030 fuerit.
1088 1985 1162 2029 cum

163 2073 301 2140 Athenis
336 2077 593 2142 adolescentulus
629 2099 755 2143 eausam
792 2077 927 2155 diceret,
961 2099 1027 2142 non
1057 2076 1164 2140 solum

163 2187 257 2252 amici
286 2188 467 2274 privatique
496 2190 638 2274 hospites
662 2192 799 2254 adeum
823 2189 1058 2254 defendendum
1082 2208 1162 2252 con-

163 2305 339 2379 venerunt,
364 2303 419 2366 sed
442 2303 539 2367 etiam
562 2303 675 2381 Iason,
700 2305 858 2386 tyrannus
882 2300 1081 2378 Thessaliae,
1106 2299 1163 2384 qui

135 2414 220 2477 cillo
251 2415 393 2497 tempore
424 2412 486 2477 fuit
509 2414 654 2477 omnium
677 2413 929 2498 potentissimus.
952 2412 1006 2476 hie
1030 2435 1105 2478 cum
1127 2414 1162 2477 in

163 2528 268 2611 patria
302 2528 371 2592 sine
407 2527 599 2592 satellitibus
633 2549 666 2591 se
696 2529 803 2591 tutum
834 2548 900 2590 non
932 2525 1161 2608 arbitraretur,

162 2636 309 2702 Athenas
341 2640 410 2704 sine
439 2639 506 2703 ullo
539 2639 694 2722 praesidio
719 2639 807 2704 venit
829 2638 977 2721 tantique
1000 2636 1161 2721 hospitem

162 2748 257 2827 fecit,
289 2752 328 2812 ut
349 2750 461 2814 mallet
484 2750 597 2834 capitis
620 2750 797 2834 periculum
820 2750 906 2814 adire
929 2771 1026 2832 quam
1049 2749 1160 2814 Timo-

165 2861 239 2924 theo
264 2861 302 2924 de
325 2860 412 2925 fama
435 2861 601 2926 dimicanti
626 2863 742 2926 deesse.
766 2861 853 2925 hunc
878 2862 1028 2925 adversus
1051 2864 1161 2926 tamen

163 2972 350 3038 Timotheus
383 2977 493 3058 postea
527 2973 639 3058 populi
672 2974 759 3038 iussu
796 2971 917 3037 bellum
952 2972 1069 3057 gessit,
1102 2996 1162 3057 pa-

164 3086 307 3170 triaeque
331 3084 490 3149 sanctiora
513 3086 583 3149 iura
607 3106 703 3168 quam
724 3083 859 3167 hospitii
881 3105 947 3148 esse
971 3083 1073 3148 duxit.

135 3212 151 3258 4
209 3197 298 3263 Haec
333 3200 474 3261 extrema
507 3196 571 3260 fuit
602 3199 689 3260 aetas
718 3196 948 3279 imperatorum
979 3195 1162 3262 Athenien-

165 3309 264 3386 sium,
300 3308 490 3394 Iphicratis,
526 3305 701 3385 Chabriae,
736 3306 915 3371 Timothei:
952 3298 1056 3392 neque
1088 3314 1163 3392 post

164 3419 294 3484 illorum
318 3421 442 3484 obitum
464 3419 634 3503 quisquam
654 3422 720 3483 dux
737 3420 774 3484 in
797 3419 853 3483 illa
872 3420 951 3484 urhe
970 3419 1033 3484 fuit
1044 3419 1163 3505 dignus

164 3531 327 3597 memoria.

137 3662 151 3707 5
212 3643 316 3708 Venio
340 3664 428 3707 nuno
451 3643 491 3707 ad
514 3641 724 3707 fortissimum
748 3643 851 3708 virum
871 3642 1065 3728 maximique
1085 3665 1163 3709 oon·
