2460 4026
380 234 455 278 xxv.
480 234 619 279 Amicus.
645 215 698 279 21.
724 214 778 278 22.
834 217 837 222 ’
987 215 1049 279 141

52 412 238 480 sanandum
273 431 324 474 me
357 408 548 494 pertineret,
584 407 743 491 reliquum
778 410 827 472 est
857 409 895 470 ut
926 410 1053 492 egomet

55 524 139 590 mihi
172 521 348 588 consulam.
383 519 416 583 id
450 540 508 584 vos
544 518 692 603 ignorare
727 517 835 583 nolui:
873 541 948 583 nam
972 518 1052 583 mihi

54 641 125 702 stat
166 634 250 699 alere
294 630 442 696 morbum
482 630 634 695 desinere.
673 651 811 714 namque
853 628 904 694 his
943 628 1087 694 diebuso

53 747 214 834 quidquid
244 743 307 810 cibi
338 742 456 821 sumsi,
479 742 526 806 ita
548 741 686 827 produxi
709 741 827 821 vitam,
852 744 890 805 ut
913 742 1054 807 auxerim

55 859 182 926 dolores
205 857 274 922 sine
296 876 352 939 spe
376 853 498 919 salutis.
523 876 620 939 quare
644 877 663 918 a
686 853 777 918 vobis
799 857 874 939 peto
895 853 1052 939 primum,

56 976 96 1036 ut
127 969 294 1035 oonsssium
326 965 468 1052 probetis
501 988 625 1049 meum,
653 964 782 1041 deinde,
809 987 850 1030 ne
873 963 976 1030 fustra
999 965 1053 1029 de-

56 1082 219 1148 hortando
243 1078 397 1164 impedire
422 1077 601 1144 conemini'.

105 1192 175 1257 Hac
207 1191 353 1254 oratione
383 1189 495 1254 habita
527 1190 620 1253 tanta
644 1189 827 1254 constantia
849 1188 935 1254 vocis
958 1189 1099 1274 atque22
1199 1200 1223 1262 ἱ,

56 1304 187 1387 vultus,
222 1305 260 1366 ut
291 1322 359 1365 non
392 1323 431 1365 ex
461 1300 545 1379 vita,
577 1301 632 1365 sed
665 1322 704 1365 ex
734 1301 829 1365 domo
859 1301 895 1365 in
925 1301 1056 1365 domum

57 1415 221 1480 videretur
251 1413 407 1496 migrare,
443 1433 516 1477 oum
536 1413 673 1497 'quidem
703 1410 850 1497 Agrippa
880 1433 952 1477 eum
975 1412 1085 1478 flensa

56 1529 159 1610 atque
189 1523 335 1589 osculans
365 1527 471 1590 oraret
504 1526 601 1609 atque
629 1524 826 1603 obsecraret,
851 1524 948 1589 naid
971 1526 1057 1608 quod

59 1639 179 1702 natura
201 1638 346 1720 cogeret,
369 1635 437 1720 ipse
460 1657 587 1720 quoque
610 1635 671 1700 sibi
690 1635 896 1714 acceleraret,
922 1641 954 1701 et
976 1657 1056 1720 quo-

59 1750 151 1815 niam
186 1751 256 1813 tum
292 1770 418 1835 quoque
450 1752 558 1833 posset
585 1748 782 1834 temporibus
813 1760 992 1832 superesse,
1025 1768 1058 1811 se

58 1861 124 1926 sibi
166 1860 293 1944 suisque
336 1863 530 1938 reservaret,
563 1881 671 1944 preces
707 1859 773 1924 eius
810 1860 972 1924 taciturna
1003 1880 1060 1924 sua

57 1971 281 2038 obstinatione
313 1972 472 2055 repressit.
505 1972 550 2036 sic
584 1994 655 2037 cum
686 1972 819 2037 biduum
847 1970 918 2036 cibo
942 1992 975 2035 sa
999 1968 1084 2034 ab·3
1213 2012 1214 2019 κ

58 2070 243 2160 stinuisset,
289 2083 395 2148 subito
429 2083 526 2148 lebris
562 2084 697 2149 decessit
730 2083 892 2167 leviorque
926 2083 1057 2147 morbus

57 2177 140 2260 esse*
161 2195 273 2278 coepit.
307 2197 416 2259 tamen
448 2195 648 2280 propositum
671 2193 774 2258 nihilo
799 2193 899 2258 secius
923 2193 1058 2278 peregit·

57 2307 171 2389 itaque
205 2305 256 2371 die
291 2306 424 2390 quinto,
456 2308 627 2391 postquam
658 2305 691 2370 id
722 2305 890 2370 consilium
922 2305 1057 2384 inierat,

61 2415 167 2502 pridie
202 2415 275 2480 Kal.
306 2415 435 2502 Apriles
466 2415 525 2484 On.
557 2417 701 2483 Domitio
731 2416 767 2483 O.
799 2416 888 2483 Sosio
919 2417 1058 2482 oonsuli-

62 2528 125 2591 bus
156 2515 315 2594 decessit(
332 2528 436 2594 elatus
468 2533 516 2594 est
544 2529 579 2593 in
611 2529 776 2608 lecticula,
806 2531 844 2593 ut
872 2528 941 2615 ipse
967 2546 1088 2613 prae-4

60 2636 255 2722 scripserat,
298 2638 367 2703 sine
405 2639 472 2704 ulla
506 2662 626 2725 pompa
659 2639 799 2719 funeris,
832 2638 1060 2704 comitantibus

63 2748 217 2814 omnibus
256 2750 366 2828 bonis,
396 2752 539 2816 maxima
575 2752 666 2837 vulgi
695 2751 885 2837 frequentia.
918 2750 1061 2837 sepultus

59 2865 112 2926 est
142 2861 233 2925 iuxta
259 2862 345 2927 viam
368 2862 508 2949 Appiam
534 2865 574 2928 ad
597 2863 746 2949 quintum
769 2864 908 2949 lapidem
926 2863 962 2927 in
985 2884 1055 2927 mo-

66 2977 223 3040 numento
247 2974 284 3050 Q.
311 2974 458 3055 Caecilii,
482 2976 632 3041 avunculi
655 2976 713 3042 sui.
