2460 4026
393 210 460 252 xxr.
484 210 525 252 nx
550 209 695 254 arciens.
723 191 752 252 1.
780 190 811 265 2,
1032 192 1096 256 107

401 430 503 502 XXI.
530 430 594 502 Da
621 430 840 504 REGIBUS.

146 616 191 679 Hi
225 615 291 679 fere
325 614 454 678 luerunt
486 613 622 679 Graecae
655 615 760 698 gentis
792 616 903 699 duces,
941 618 997 700 qui
1029 621 1129 682 me·l

99 727 203 791 moria
237 727 328 810 digni
364 725 549 807 videantur,
586 727 711 809 praeter
741 746 846 810 reges:
881 749 1021 812 namque
1045 751 1098 793 eos

100 838 261 922 attingere
295 837 474 914 noluimus,
510 840 596 921 quod
628 837 772 900 omnium
800 859 849 901 res
873 841 981 922 gestae
1005 863 1097 924 sepa·

99 950 196 1013 ratim
231 953 308 1012 sunt
342 949 471 1012 relatae.
508 969 612 1031 neque
644 951 754 1011 tamen
777 948 801 1011 ii
826 953 999 1015 admodum
1024 955 1100 1016 sunt

102 1061 207 1125 multi.
238 1059 507 1124 Lacedaemonius
532 1063 640 1123 autem
664 1058 833 1143 Agesilaus
857 1063 1006 1141 nomine,
1032 1083 1128 1130 none

100 1175 262 1256 potestate
285 1171 348 1235 fuit
371 1194 446 1249 rex,
471 1172 553 1236 sicut
577 1171 673 1235 ceteri
697 1171 857 1255 Spartani.
883 1195 921 1237 ex
944 1175 984 1239 iis
1003 1198 1097 1256 vero,

103 1284 158 1365 qui
204 1283 403 1347 dominatum
445 1283 579 1367 imperio
613 1285 805 1360 tenuerunt,
841 1285 1100 1352 excellentissimi

101 1396 252 1472 fuerunt,
295 1397 332 1459 ut
355 1416 414 1458 nos
438 1394 633 1471 iudicamus,
660 1393 827 1457 Persarum
853 1394 953 1478 Cyrus
976 1400 1009 1461 et
1031 1397 1098 1462 Da-

102 1508 186 1585 rius,
227 1506 397 1589 Hystaspis
420 1505 521 1569 filius:
547 1527 684 1589 quorum
708 1507 842 1589 uterque
865 1507 1009 1589 privatus
1033 1510 1099 1574 vir-

104 1622 173 1684 tute
207 1639 345 1703 regnum
375 1621 424 1681 est
447 1620 591 1701 adeptus.
615 1617 703 1701 prior
727 1616 842 1680 horum
867 1619 952 1700 apud
975 1619 1098 1684 Massa·

104 1734 195 1815 getas
225 1731 261 1793 in
284 1729 405 1813 proelio
430 1728 557 1806 cecidit,
583 1728 699 1792 Darius
724 1731 887 1792 senectute
911 1730 994 1795 diem
1019 1732 1100 1796 obiit

103 1863 298 1925 supremum.
330 1844 394 1903 tres
425 1843 502 1903 sunt
524 1843 688 1923 praeterea
712 1841 851 1904 eiusdem
878 1843 998 1926 gentis:
1023 1844 1128 1908 Xer-3

101 1975 156 2017 xes
176 1956 208 2016 et
229 1953 292 2017 duo
312 1951 527 2029 Artaxerxae,
548 1952 728 2016 Macrochir
748 1955 941 2036 cognomine
961 1955 1099 2020 etMne·

101 2086 188 2129 mon.
213 2064 328 2128 Xerxis
352 2065 490 2129 maxime
513 2068 560 2128 est
583 2064 725 2142 illustre,
751 2066 836 2147 quod
859 2067 1005 2130 maximis
1024 2071 1099 2150 post

102 2175 271 2239 hominum
302 2175 487 2239 memoriam
518 2175 708 2239 exercitibus
742 2178 828 2238 terra
862 2177 1005 2259 marique
1029 2176 1096 2241 bel-

101 2288 170 2350 lum
194 2286 305 2350 intulit
329 2286 487 2352 Graeciae.
514 2289 548 2350 at
570 2286 750 2350 Macrochir
773 2286 978 2371 praecipuam
997 2287 1125 2352 habeta

100 2398 228 2462 laudem
252 2397 465 2482 amplissimae
484 2398 777 2482 pulcherrimaeque
798 2399 939 2482 corporis
956 2398 1097 2476 formae,

103 2532 200 2594 quam
234 2510 416 2574 incredibili
451 2510 578 2574 ornavit
609 2511 728 2574 virtute
760 2509 854 2574 belli:
879 2533 1018 2595 namque
1041 2511 1098 2575 illo

101 2620 212 2685 Perses
255 2642 349 2685 nemo
392 2644 490 2686 manu
533 2622 597 2685 fuit
638 2621 763 2687 fortior.
800 2621 955 2687 Mnemon
990 2627 1098 2688 autem

103 2732 246 2796 iustitiae
268 2732 356 2796 fama
389 2733 507 2799 floruit.
545 2756 621 2797 nam
654 2755 726 2797 cum
750 2734 862 2797 matris
886 2756 960 2798 suae
984 2736 1099 2799 scelere

100 2844 258 2908 amisisset
300 2865 449 2922 uxorem,
485 2847 614 2908 tantum
646 2844 782 2908 indulsit
814 2845 934 2922 dolori,
966 2851 1003 2910 ut
1026 2870 1099 2910 eum

100 2955 203 3039 pietas
239 2956 391 3020 vinceret.
428 2977 466 3019 ex
501 2955 552 3019 his
587 2958 650 3019 duo
688 2957 798 3020 eodem
832 2958 962 3021 nomine
985 2958 1125 3021 morbos

100 3054 235 3130 naturae
269 3067 413 3131 debitum
445 3067 670 3130 reddiderunt:
707 3067 822 3130 tertius
859 3067 899 3131 ab
930 3066 1097 3131 Artabano

99 3177 262 3262 praefecto
285 3178 370 3242 ferro
397 3178 587 3243 interemtus
610 3181 668 3242 est.

145 3287 196 3352 Ex
229 3289 442 3354 Macedonum
478 3292 585 3354 autem
621 3291 717 3374 gente
757 3290 820 3353 duo
851 3289 952 3352 multo
977 3291 1131 3352 ceteros2

100 3403 341 3466 antecesserunt
348 3423 454 3465 rerum
468 3406 629 3485 gestarum
643 3400 756 3485 gloria:
777 3399 957 3484 Philippus,
970 3398 1096 3484 Amyn·

100 3515 154 3576 tae
188 3514 290 3591 filius,
323 3515 356 3576 et
390 3512 573 3578 Alexander
608 3513 756 3596 Magnus.
791 3511 907 3575 horum
930 3510 1010 3574 alter
1033 3509 1096 3573 Ba-

101 3624 220 3708 bylone
259 3625 373 3689 morbo
409 3628 594 3688 consumtus
629 3626 695 3701 est,
731 3622 899 3706 Philippus
934 3620 1044 3705 Aegiis
1079 3642 1099 3684 a
