2460 4026
132 173 196 279 110
402 194 486 239 11111.
510 192 689 238 1111111011.
716 175 746 236 1.
772 175 802 237 2.

129 367 185 451 qui
216 367 366 431 donicum
397 371 453 431 aut
484 368 603 431 virtute
633 367 785 431 vicissent
816 371 872 431 aut
901 368 980 432 victi
1012 393 1125 436 manus

102 479 302 543 sdedissent.
347 478 407 543 hoc
443 479 575 543 consilio
611 501 722 563 pacem
757 479 958 562 conciliavit,
994 482 1029 544 in
1065 504 1128 566 quo

129 593 223 654 tanta
245 590 309 653 fuit
331 589 465 666 ferocia,
491 612 562 654 cum
588 588 721 655 Catulus
744 594 879 675 negaret
900 592 1021 656 bellum
1041 615 1128 658 com·

129 703 326 786 positurum,
351 700 414 764 nisi
437 702 493 764 ille
516 723 588 765 cum
611 703 694 779 suis,
719 702 776 786 qui
798 701 935 786 Erycem
958 707 1123 783 tenerent,

130 814 227 878 armis
255 813 375 877 relictis
398 811 507 876 Sicilia
530 813 734 891 decederent,
757 817 795 878 ut
818 816 1046 880 succumbente
1070 841 1128 902 pa-

129 927 192 989 tria
210 925 278 1008 ipse
297 924 475 1008 periturum
496 946 528 988 se
548 925 655 1008 potius
677 925 812 1004 dixerit,
832 948 930 1010 quam
950 949 1022 992 cum
1034 932 1128 994 tanto
1174 964 1176 968 ⁴

129 1036 252 1120 flagitio
284 1039 416 1100 domum
445 1037 579 1100 rediret:
612 1058 678 1100 non
704 1039 790 1100 enim
813 1060 888 1102 suae
911 1061 978 1104 esse
1001 1040 1129 1104 virtutis

130 1170 219 1212 arma
253 1170 272 1210 a
307 1149 412 1232 patria
447 1152 577 1233 accepta
613 1151 762 1213 adversus
798 1149 905 1214 hostes
940 1152 1129 1216 adversariis

129 1260 264 1323 tradere.
288 1259 382 1324 huius
406 1260 602 1344 pertinaciae
626 1261 720 1325 cessit
744 1259 888 1326 Catulus.

107 1373 127 1434 2
174 1370 221 1435 At
249 1371 320 1453 ille,
354 1375 391 1436 ut
422 1370 653 1455 Carthaginem
686 1373 792 1451 venit,
825 1373 927 1437 multo
955 1373 1067 1456 aliter,
1092 1397 1129 1438 ac

129 1486 291 1566 sperarat,
319 1504 386 1546 rem
410 1482 572 1566 publicam
596 1504 628 1546 se
651 1482 821 1546 habentem
848 1484 1010 1566 cognovit.
1035 1506 1132 1551 nam-.

128 1615 189 1678 que
221 1594 435 1658 diuturnitate
459 1595 582 1658 externi
606 1595 684 1658 mali
706 1597 834 1659 tantum
859 1595 976 1658 exarsit
999 1595 1128 1659 intesti-

128 1728 206 1769 num
240 1704 378 1783 bellum,
415 1709 452 1768 ut
485 1726 662 1789 numquam
693 1705 728 1768 in
759 1705 829 1789 pari
859 1704 1001 1789 periculo
1032 1705 1130 1769 fuerit

99 1813 309 1901 aOarthago,
354 1817 416 1880 nisi
458 1838 531 1880 cum
573 1817 678 1880 deleta
714 1820 771 1881 est.
806 1814 924 1900 primo'
944 1817 1131 1888 mercenarii

128 1928 262 2003 milites,
283 1927 399 2010 quibus
423 1930 574 1992 adversus
600 1928 763 1991 Romanos
787 1928 836 1992 usi
857 1931 965 2005 erant,
987 1928 1129 1992 descive-

127 2041 221 2101 runt:
243 2058 379 2122 quorum
401 2059 552 2102 numerus
574 2041 642 2101 erat
665 2038 782 2121 viginti
801 2040 948 2103 millium.
969 2040 1005 2103 hi
1024 2042 1127 2103 totam

126 2149 351 2215 abalienarunt
384 2148 547 2230 Africam,
576 2149 679 2233 ipsam
704 2148 932 2234 Carthaginem
956 2171 1128 2235 oppugna-

99 2266 214 2326 crunt.
250 2263 367 2347 quibus
403 2262 495 2326 malis
531 2262 610 2326 adeo
640 2263 717 2326 sunt
748 2260 849 2324 Poeni
879 2262 1059 2345 perterriti,
1092 2266 1131 2327 ut

128 2375 247 2439 auxilia
277 2375 373 2438 etiam
405 2373 445 2436 ab
477 2373 631 2436 Romanis
656 2373 809 2455 petierint
844 2393 942 2456 eaque
973 2373 1128 2456 impetra-

128 2489 204 2552 rint.
242 2489 297 2551 sed
332 2488 492 2560 extreme,
528 2505 598 2546 cum
635 2505 734 2568 prope
765 2483 829 2546 iam
861 2486 902 2546 ad
933 2483 1129 2567 desperatio·

129 2621 203 2662 nem
227 2596 460 2680 pervenissent,
486 2593 702 2659 Hamilcarem
725 2594 950 2678 imperatorem
971 2594 1129 2660 fecerunt.

99 2711 157 2773 cis
188 2729 255 2772 non
286 2707 388 2771 solum
420 2706 528 2770 hostes
561 2729 580 2769 1
611 2707 711 2771 muris
741 2704 948 2790 Carthaginis
973 2708 1129 2785 removit,

130 2843 202 2885 cum
234 2810 370 2904 amplius
395 2821 524 2883 centum
548 2817 758 2882 millia‘facta
782 2819 888 2882 essent
911 2820 1127 2897 armatorum,

128 2935 182 2997 sed
216 2931 311 2995 etiam
346 2952 383 2994 eo
415 2931 589 3014 compulit,
621 2932 659 2993 ut
679 2931 822 2993 locorum
848 2929 1005 3012 angustiis
1029 2931 1128 2994 clausi

128 3045 235 3130 plures
273 3043 357 3107 fame
400 3065 496 3127 quam
532 3040 616 3105 ferro
650 3041 831 3105 interirent.
867 3041 975 3104 omnia
1009 3043 1129 3126 oppida

128 3157 327 3232 abalienata,
358 3155 393 3218 in
425 3155 474 3217 his
507 3152 635 3218 Uticam
666 3157 761 3235 atque
785 3150 989 3235 Hipponem,
1015 3150 1126 3218 111011-

101 3269 250 3332 5111011111
292 3267 390 3332 totius
425 3265 571 3342 Africae,
607 3263 747 3328 restituit
781 3263 914 3346 patriae.
950 3287 1054 3349 neque
1090 3286 1127 3330 eo

127 3379 191 3443 fuit
221 3383 410 3456 contentus,
444 3381 496 3441 sed
531 3378 628 3441 etiam
658 3377 738 3440 fines
766 3376 892 3460 imperii
914 3377 1127 3466 propagavit,

128 3493 197 3555 tota
229 3489 340 3554 Africa
364 3493 494 3553 tantum
519 3489 619 3552 otium
642 3487 799 3564 reddidit,
822 3489 860 3551 ut
880 3486 1007 3551 nullum
1030 3488 1066 3551 in
1089 3509 1127 3551 ea

129 3602 247 3667 bellum
270 3600 431 3665 videretur
454 3600 565 3664 multis
588 3598 681 3663 annis
703 3598 810 3663 fuisse.
