2460 4026
136 135 202 201 114
396 157 490 202 xxm.
515 155 693 199 Hermann.
720 134 818 200 3-5.

103 329 299 395 aconflixit:
334 329 495 394 neminem
530 329 593 393 nisi
629 329 749 394 victum
785 327 915 394 dimisit.
951 329 991 393 ad
1027 314 1126 413 Alpes

131 443 340 526 posteaquam
365 440 471 524 venit,
489 440 708 524 quaeItaliam
737 440 778 504 ab
803 438 908 505 Gallia
932 441 1125 525 seiungunt,

132 576 210 638 quas
243 575 336 617 nemo
368 574 520 636 umquam
549 574 620 616 cum
646 553 786 616 exercitu
810 555 979 616 antaeum
1001 553 1127 636 praeter

100 749 103 755 ν
131 664 303 729 Herculem
331 663 464 728 Graium
484 663 663 759 [transierat
686 664 762 749 (quo
785 663 871 728 facto
894 663 922 727 is
945 663 1040 727 hodie
1063 663 1125 727 sal-

132 777 184 840 tus
219 775 335 840 Graius
367 775 571 859 appellatur),
605 774 744 858 Alpinos
775 776 928 839 conantes
956 774 1126 859 prohibero

132 887 270 951 transitu
291 888 447 972 concidit,
469 889 539 952 loca
560 886 728 971 patefecit,
745 887 861 951 itinera
874 887 1009 965 muniit,
1023 887 1128 951 effecit

130 1002 167 1063 ut
190 1021 226 1062 ea
249 1000 439 1084 elephantus
463 1003 596 1064 ornatus
619 1000 665 1063 ire
690 1003 812 1084 posset,
838 999 900 1083 qua
924 1002 1019 1062 antae
1045 1020 1127 1063 unus
1191 1001 1193 1005 ’

129 1109 226 1174 homo
261 1111 392 1175 inermis
427 1111 483 1175 vix
516 1113 644 1195 poterat
676 1133 794 1195 repere.
827 1110 887 1174 hac
918 1109 1027 1194 copias
1058 1107 1125 1173 tra-

131 1224 225 1288 duxit
246 1222 281 1287 in
305 1223 497 1307 Italiamque
521 1223 678 1306 pervenit.

111 1335 131 1398 4
178 1333 374 1400 Conflixerat
416 1337 501 1418 apud
543 1334 738 1399 Rhodanum
782 1356 854 1398 cum
897 1333 932 1397 P.
978 1331 1126 1399 Cornelio

81 1470 84 1476 ·
132 1445 279 1530 Scipione
309 1447 438 1511 consule
468 1468 601 1528 eumque
631 1445 807 1529 pepulerat.
835 1467 906 1509 cum
928 1445 990 1509 hoc
1014 1448 1124 1508 eodem

132 1555 277 1621 Clastidii
310 1560 394 1641 apud
427 1557 557 1621 Padum·
580 1557 722 1621 decernit
750 1557 954 1641 sauciumque
983 1558 1058 1621 inde
1090 1577 1126 1620 ac

101 1668 280 1754 afugatum
323 1669 467 1735 dimittit.
512 1669 607 1732 tertio
644 1669 728 1733 idem
764 1669 870 1753 Scipio
894 1691 966 1733 cum
1001 1668 1125 1752 collega

128 1780 255 1845 Tiberio
288 1780 401 1864 Longo
438 1781 523 1864 apud
560 1780 709 1844 Trebiam
740 1781 890 1845 adversus
922 1802 994 1844 eum
1023 1779 1122 1844 venit.

132 1913 203 1955 cum
230 1892 270 1955 iis
293 1914 423 1955 manum
450 1892 629 1957 conseruit:
653 1895 805 1976 utrosque
828 1891 1022 1976 profligavit.
1047 1892 1123 1957 inde

127 2024 184 2087 per
218 2002 351 2087 Ligures
385 2000 598 2085 Apenninum
629 2003 774 2079 transiit,
805 2006 919 2086 petens
949 2002 1123 2068 Etruriam.

99 2115 191 2180 ahoe
222 2113 335 2178 itinere
361 2116 439 2178 adeo
466 2114 557 2198 gravi
581 2114 693 2178 morbo
717 2113 853 2178 afficitur
882 2116 1065 2192 oculorum,
1089 2116 1126 2177 ut

126 2228 237 2311 postea
271 2248 447 2310 numquam
483 2226 594 2291 dextm
633 2248 731 2310 aeque
760 2227 843 2290 bene
873 2207 948 2291 usus
972 2226 1023 2290 sit.
1062 2247 1126 2310 qua

128 2338 324 2429 valetudine
341 2359 412 2401 cum
444 2338 611 2401 etiamtum
644 2340 840 2422 premeretur
862 2337 1037 2422 lecticaque
1060 2336 1124 2401 fer-

127 2453 229 2532 retur,
244 2446 279 2513 O.
292 2447 489 2511 Flaminium
503 2449 666 2512 consulem
679 2450 765 2532 apud
777 2451 1010 2518 Trasumenum
1018 2449 1123 2513 lacum

127 2582 199 2624 cum
234 2559 374 2624 exercitu
409 2559 534 2623 insidiis
571 2559 823 2625 circumventum
857 2561 991 2638 occidit,
1019 2581 1123 2645 neque

127 2672 228 2735 multo
269 2673 343 2754 post
378 2668 415 2737 (l.
452 2668 644 2734 Centenium
681 2673 860 2755 praetorem
895 2694 967 2736 cum
1003 2672 1125 2736 delecta

96 2805 226 2854 rmanu
259 2782 359 2845 saltus
383 2784 604 2865 occupantem.
629 2781 706 2847 hinc
729 2783 764 2845 in
788 2781 940 2866 Apuliam
963 2780 1121 2866 pervenit.

124 2892 170 2956 ibi
202 2892 329 2957 obviam
361 2891 390 2956 ei
420 2897 580 2958 venerunt
611 2896 673 2958 duo
705 2895 868 2972 consules,
894 2892 929 2958 (l.
953 2892 1122 2957 Terentius

125 3008 157 3069 et
184 3004 220 3068 L.
253 3003 418 3069 Aemilius.
453 3006 618 3089 utriusque
654 3006 807 3070 exercitus
835 3025 899 3068 uno
923 3005 1044 3089 proelio
1068 3004 1120 3068 fu-

125 3117 233 3200 gavit,
262 3116 398 3180 Paulum
426 3116 589 3181 consulem
615 3117 732 3181 occidit
755 3120 786 3180 et
810 3116 934 3200 aliquot
955 3119 1121 3201 praeterea

127 3228 325 3306 consulares,
357 3229 393 3292 in
422 3228 462 3292 iis
495 3228 555 3293 On.
580 3227 749 3293 Servilium
775 3226 963 3306 Geminum,
987 3226 1043 3312 qui
1067 3250 1121 3292 su-

126 3340 249 3423 periore
269 3362 356 3405 anno
380 3339 485 3404 fuerat
510 3339 631 3404 consul.

104 3451 124 3515 5
170 3449 242 3514 Hac
272 3472 382 3536 pugna
414 3454 560 3536 pugnata
595 3449 732 3514 Romam
762 3449 925 3534 profectus
954 3451 1043 3515 nullo
1069 3473 1121 3515 re-

126 3563 257 3628 sistente
291 3563 326 3626 in
361 3562 549 3647 propinquis
585 3560 656 3625 urbi
691 3563 855 3627 montibus
886 3565 1028 3628 moratus
1060 3566 1119 3629 est.
