2460 4026
402 191 479 237 xxv.
503 191 641 236 urricus.
661 171 720 237 16.
747 171 789 237 17
997 173 1062 239 137

69 365 255 451 aequalibus
287 366 392 429 autem
425 363 490 429 suis
517 363 545 440 Q
575 363 750 430 Hortensio
782 369 814 430 et
842 364 887 432 M.
912 363 1065 431 Cicerone

69 480 115 544 sic
146 478 247 556 uixit,
280 481 317 542 ut
347 477 487 543 iudicare
517 476 644 543 difficile
673 477 731 555 sit,
763 477 814 542 cui
845 478 944 542 aetati
966 476 1065 543 luerit
1159 522 1161 528 s

69 590 264 676 aptissimus
290 609 483 673 quamquam
506 610 578 653 eum
603 588 772 674 praecipue
795 588 909 653 dilexit
931 586 1094 664 Cicero,a

68 704 108 767 ut
133 723 175 767 ne
198 700 298 766 frater
321 701 450 786 quidem
473 701 502 765 ei
526 698 664 776 Quintus
688 701 792 766 carior
815 700 913 766 fuerit
935 703 991 765 aut
1013 700 1061 765 fa-

70 812 233 879 miliarior.
267 813 296 877 ei
328 812 374 877 rei
396 811 482 902 {sunt
511 812 631 878 indicio
662 818 788 898 praeter
815 835 867 878 eos
890 813 1003 891 libros,
1026 813 1092 876 ins

70 924 186 1010 quibus
217 927 256 989 de
287 946 324 989 eo
355 923 434 989 facit
463 925 679 1004 mentionem,
709 924 765 1010 qui
787 925 823 989 in
846 914 962 1010 vulgus
984 926 1061 989 sunt
1174 1004 1175 1007 Ἴ

70 1036 166 1114 editi,
203 1036 339 1101 sedecim
371 1036 536 1101 volumina
568 1036 792 1122 epistolarum,
824 1038 865 1101 ab
897 1038 1064 1103 consulatu
1156 1092 1159 1098 .
1201 1026 1204 1032 ’

70 1147 137 1212 eius
168 1169 268 1231 usque
296 1148 337 1212 ad
365 1151 543 1214 extremum
566 1151 693 1234 tempus
717 1149 758 1214 ad
780 1147 926 1214 Atticum
950 1149 1063 1214 missa·

69 1282 159 1325 rum:
184 1281 265 1344 quae
284 1258 340 1344 qui
365 1260 469 1344 legat,
494 1282 562 1325 non
585 1261 723 1324 multum
746 1260 938 1327 desiderabit
960 1260 1062 1325 histo-

68 1373 151 1438 riam
187 1374 369 1436 contextam
400 1393 509 1436 eorum
537 1376 730 1457 temporum.
762 1373 807 1437 sic
838 1371 923 1437 enim
955 1369 1094 1435 omniun
1184 1383 1186 1387 ’

69 1484 111 1547 de
133 1481 245 1547 studiis
268 1482 467 1568 principum,
486 1483 573 1548 vitiis
597 1486 735 1562 ducum,
758 1482 992 1548 munctionibus
1014 1481 1061 1547 rei

69 1593 217 1679 publicae
246 1594 424 1679 perscripta
453 1597 546 1672 sunt,
577 1597 615 1658 ut
645 1594 728 1659 nihil
751 1595 786 1659 in
808 1595 848 1660 iis
871 1616 938 1659 non
961 1616 1062 1679 appa·

69 1710 146 1787 reat,
171 1709 205 1771 et
235 1706 330 1772 facile
353 1706 528 1771 existimari
551 1706 671 1791 possit,
696 1706 900 1791 prudentiam
925 1706 1063 1789 quodam

70 1819 165 1883 modo
201 1840 268 1883 esse
302 1817 541 1883 divinationem.
579 1839 646 1882 non
681 1818 767 1883 enim
803 1816 913 1883 Cicero
944 1840 981 1882 ea
1012 1836 1063 1881 so-

70 1930 156 2009 lum,
186 1951 268 2014 quae
294 1930 368 1995 vivo
391 1952 424 1995 se
446 1931 649 2014 acciderunt,
674 1929 783 1996 futura
805 1929 982 2015 praedixit,
1006 1930 1062 1994 sed
1090 1925 1093 1928 ’

70 2040 184 2119 etiam,
208 2062 290 2124 quac
313 2064 400 2107 nune
422 2064 481 2107 usu
506 2041 660 2122 veniunt,
686 2042 804 2107 cecinit
826 2046 863 2106 ut
887 2045 984 2107 vates.

115 2151 164 2217 De
198 2153 319 2237 pietate
353 2156 459 2217 autem
493 2150 596 2218 Attici
632 2154 709 2238 quid
744 2154 837 2238 plura
869 2151 1108 2218 commemo-17

68 2267 163 2331 rem?
194 2285 264 2329 cum
296 2264 357 2329 hoc
387 2265 492 2350 ipsum
521 2286 594 2329 vere
626 2264 818 2350 gloriantem
849 2264 1004 2328 audierim
1026 2263 1062 2327 in

68 2377 182 2463 funere
200 2376 311 2441 matris
331 2397 539 2461 suae,quam
558 2375 674 2440 extulit
693 2397 852 2440 annorum
864 2375 1062 2460 nonaginta,

70 2511 144 2554 cum
178 2489 246 2573 ipse
281 2492 364 2553 esset
393 2490 515 2573 septem
546 2491 580 2552 et
609 2487 791 2573 sexaginte,
824 2510 857 2553 se
885 2508 1064 2573 numquam

70 2622 144 2664 cum
175 2603 277 2665 matre
307 2600 343 2664 in
373 2601 511 2685 gratiam
542 2601 677 2678 redisse,
709 2623 884 2685 numquam
914 2623 986 2664 cum
1012 2619 1064 2664 so·

69 2733 143 2776 rore
172 2710 269 2777 fuisse
299 2712 350 2776 in¹
365 2712 546 2792 simultate,
575 2734 672 2797 quam
696 2732 794 2797 prope
819 2710 981 2796 aequalem
1004 2709 1064 2773 ha

69 2823 178 2887 bebat,
209 2827 296 2908 quod
329 2826 377 2888 est
407 2825 537 2910 signum
568 2827 625 2888 aut
654 2825 778 2889 nullam
805 2846 957 2908 umquam
979 2824 1090 2889 intera

71 2956 125 3000 eos
148 2935 380 3020 querimoniam
402 2936 634 3014 intercessisse,
657 2939 715 3000 aut
737 2936 824 3001 hunc
848 2959 884 3001 ea
908 2935 1006 3002 fuisse
1027 2937 1062 3001 in

71 3067 145 3112 suos
164 3046 396 3132 indulgentia,
425 3051 478 3126 ut,
502 3069 581 3132 quos
604 3069 710 3112 amare
734 3049 876 3134 deberet,
902 3049 997 3114 irasci
1019 3048 1063 3112 eis

71 3156 162 3224 nefas
191 3159 328 3228 duceret.
360 3181 463 3244 neque
493 3159 527 3224 id
556 3159 632 3224 fecit
661 3163 778 3225 natura
801 3159 923 3235 solum,
948 3175 1091 3246 quam-c

71 3291 168 3355 quam
198 3291 308 3334 omnes
340 3270 370 3335 ei
399 3293 565 3355 paremus,
596 3273 650 3336 sed
679 3273 774 3337 etiam
801 3273 964 3337 doctriua:
989 3295 1064 3337 nam

71 3383 254 3468 principum
280 3381 545 3467 philosophorum
575 3383 622 3449 ita
653 3387 802 3469 percepta
832 3384 947 3448 habuit
971 3406 1064 3469 prae-

72 3496 180 3579 cepta,
213 3497 251 3558 ut
278 3494 317 3558 iis
348 3495 389 3558 ad
418 3495 519 3559 vitam
550 3498 724 3580 agendam,
752 3518 819 3560 non
850 3497 891 3560 ad
921 3501 1063 3563 ostenta-

72 3604 194 3670 tionem
218 3608 373 3672 uteretur.
