2460 4026
132 143 197 206 126
431 159 507 202 xxv.
535 159 672 204 armeus.
697 140 796 203 2-4.

130 354 256 418 quoque
278 332 487 397 liberalitate:
512 354 588 395 nam
608 330 773 396 universos
792 331 953 398 frumento
974 333 1125 410 donavit,

131 446 177 509 ita
208 448 246 509 ut
277 444 412 529 singulis
443 443 513 509 seni
534 443 633 507 modii
652 443 752 508 tritici
779 444 949 512 darentur:
975 446 1031 530 qui
1054 468 1124 511 mo-

58 631 61 636 ,
131 556 190 621 dus
214 578 380 621 mensurae
402 555 582 619 medimnus
606 554 747 620 Athenis
767 555 957 640 appellatur.

110 671 130 733 3
175 667 238 732 Hie
271 672 376 732 autem
408 667 453 730 sic
481 688 514 730 se
544 667 695 750 gerebat,
724 670 762 731 ut
786 668 966 732 communis
988 667 1126 746 infimis,

131 803 190 865 par
216 778 414 864 principibus
445 777 616 842 videretur.
651 799 715 862 quo
749 777 870 844 factum
906 785 955 844 est
987 784 1023 844 ut
1053 781 1127 845 huic

132 911 241 968 omnes
271 888 426 972 honores,
459 910 538 972 quos
569 891 719 972 possent,
752 889 878 974 publice
901 891 1059 957 haberent
1081 893 1126 957 ci-

131 1023 267 1085 vemque
289 1001 393 1065 faeere
416 1001 598 1065 studerent:
623 1022 686 1086 quo
710 985 864 1066 beneficio
880 1002 935 1066 ille
954 1002 1003 1067 uti
1022 1002 1128 1067 noluit

131 1114 232 1196 [quod
263 1112 414 1177 nonnulli
444 1112 491 1176 ita
521 1113 794 1198 interpretantur,
828 1113 935 1178 amitti
964 1114 1127 1180 civitatem

102 1227 309 1291 altomanam
340 1225 403 1288 alia
435 1225 557 1304 ascital.
587 1226 740 1310 quamdiu
765 1225 889 1302 adfuit,
914 1248 956 1290 nc
979 1248 1043 1311 qua
1066 1225 1127 1291 sibi

129 1341 235 1403 statua
267 1339 457 1420 poneretur,
483 1337 618 1414 restitit,
644 1337 759 1402 absens
782 1336 952 1420 prohibere
976 1359 1044 1401 non
1067 1359 1126 1422 po-

130 1451 202 1514 tuit.
234 1448 344 1532 itaque
367 1447 491 1532 aliquot
513 1447 576 1532 ipsi
599 1452 631 1512 et
654 1448 788 1513 Phidiae
817 1448 895 1514 locis
918 1447 1127 1513 sanctissimis

129 1563 322 1645 posuerunt:
355 1559 442 1624 hunc
465 1560 552 1624 enim
575 1561 611 1624 in
635 1560 724 1625 omni
746 1560 972 1646 procuratione
994 1561 1041 1624 rei
1065 1584 1125 1645 pu-

101 1672 229 1736 3blieae
252 1675 392 1736 actorem
416 1673 641 1756 auctoremque
663 1673 837 1736 habebant.
861 1672 963 1756 igitur
982 1672 1121 1756 primum

128 1785 210 1850 illud
240 1807 357 1849 munus
388 1783 556 1860 fortunae,
589 1784 675 1867 quod
702 1784 737 1846 in
761 1805 798 1847 ca
821 1783 1024 1867 potissimum
1047 1784 1127 1848 urbe

128 1899 225 1960 natus
257 1899 321 1972 est,
345 1895 381 1958 in
405 1917 469 1978 qua
492 1894 688 1959 domicilium
712 1897 794 1960 esset
816 1895 960 1980 imperii,
986 1897 1024 1959 ut
1047 1917 1125 1959 ean·

130 2005 202 2068 dem
226 2005 343 2088 etipse
363 2004 501 2092 patriam
522 2004 654 2068 haberet
677 2008 708 2068 et
733 2006 819 2069 orbis
843 2008 1000 2070 terrarum
1020 2007 1124 2071 domi·

129 2137 214 2180 nam.
246 2115 308 2181 hoc
339 2115 500 2200 specimen
532 2116 742 2201 prudentiae,
772 2120 877 2202 quod,
902 2139 974 2182 cum
996 2117 1033 2181 in
1055 2139 1127 2181 eam

129 2249 163 2291 sc
193 2227 356 2293 civitatem
387 2227 591 2307 contulisset,
624 2250 705 2312 quae
735 2228 946 2313 antiquitate,
973 2228 1125 2293 humani-

129 2341 196 2404 tate
227 2340 435 2423 doctrinaque
466 2342 643 2424 praestaret
672 2361 800 2418 omnes,
829 2362 912 2405 unus
936 2339 965 2404 ei
986 2339 1050 2404 fuit
1072 2361 1128 2405 ca·

129 2450 282 2515 tissimus.
335 2500 339 2505 .

105 2566 126 2626 4
172 2562 246 2627 Huc
277 2585 316 2627 ex
341 2559 420 2626 Asia
444 2561 534 2627 Sulla
557 2562 712 2627 decedens
734 2584 808 2626 cum
831 2563 987 2648 venisset,
1012 2585 1127 2648 quam·

130 2672 185 2737 diu
210 2673 257 2737 ibi
279 2672 361 2751 fuit,
385 2695 491 2739 secum
514 2673 629 2738 habuit
650 2673 885 2759 Pomponium,
910 2680 1023 2760 captus
1047 2677 1125 2742 ado-

129 2784 276 2849 lescentis
307 2788 340 2849 et
361 2785 564 2850 humanitate
587 2788 620 2850 et
643 2786 800 2851 doctrina.
826 2785 871 2850 sic
894 2786 981 2852 enim
1005 2785 1125 2852 Graece

127 2896 338 2981 loquebatur,
363 2900 402 2961 ut
423 2896 562 2962 Athenis
584 2901 681 2962 natus
704 2897 880 2962 videretur:
904 2900 997 2963 tanta
1015 2901 1124 2964 autem

128 3008 269 3074 suavitas
302 3012 371 3074 erat
407 3010 562 3074 sermonis
594 3009 723 3088 Latini,
755 3013 792 3074 ut
824 3012 991 3094 appareret
1021 3009 1057 3073 in
1087 3030 1125 3074 eo

128 3121 273 3186 nativum
304 3122 463 3206 quendam
495 3122 637 3206 leporem
669 3143 753 3199 esse,
782 3141 848 3184 non
871 3121 1016 3186 ascitum.
1038 3120 1124 3187 idem

128 3234 276 3315 po'e‘mata
310 3233 545 3319 pronuntiabat
576 3237 608 3298 et
640 3230 758 3297 Graece
791 3235 823 3296 et
853 3232 971 3297 Latine
1002 3233 1064 3310 sic,
1088 3235 1126 3297 ut

100 3356 225 3425 2supra
255 3345 336 3409 nihil
367 3348 475 3430 posset
505 3345 589 3410 addi.
614 3344 730 3430 quibus
753 3345 847 3409 rebus
870 3343 993 3408 factum
1016 3347 1127 3411 estut

129 3453 219 3518 Sulla
249 3477 407 3540 nusquam
441 3455 514 3521 eum
538 3457 579 3521 ab
601 3479 635 3521 se
659 3457 837 3522 dimitteret
858 3460 1050 3541 cuperetque
1074 3478 1123 3522 se·

129 3588 201 3632 eum
232 3567 394 3647 deducere.
428 3568 485 3653 qui
515 3591 588 3634 cum
620 3569 808 3654 persuadere
840 3570 995 3646 tentaret,
1024 3569 1123 3649 ‘noli,
