2460 4026
133 211 175 276 28
428 230 461 273 vr
485 227 663 273 arsurum.
689 208 788 271 2-4.

132 403 266 469 missimi
297 403 437 467 solerent
470 423 536 466 esse
568 401 679 479 amici,
708 401 764 485 qui
787 401 970 465 constantes
993 399 1136 465 fuissent

102 513 269 592 sinimici,
313 515 492 598 pervertere
535 535 604 578 eam
647 511 841 597 concupivit.
882 510 964 575 vidit
999 515 1130 590 autem,

131 625 195 690 nisi
225 625 261 688 in
292 646 330 689 eo
352 623 540 689 occultasset
559 625 775 702 voluntatem,
794 623 939 688 {uturum
959 626 997 687 ut
1016 622 1130 688 Thasii

131 736 348 800 dilaberentur
373 727 638 820 consulerentque
661 721 756 800 rebus
780 736 845 800 suis
868 733 976 774 ****

101 864 116 912 3
175 847 290 931 Itaque
321 847 356 910 hi
379 847 618 912 decemviralem
642 850 834 932 potestatem
858 847 899 911 ab
923 846 979 910 illo
1003 846 1154 910 consu*-

129 962 233 1024 tutam
265 959 472 1024 sustulerunt.
504 980 567 1044 quo
599 959 707 1024 dolore
737 960 886 1024 incensus
919 958 995 1022 iniit
1018 958 1133 1022 consi--

128 1070 173 1134 lia
204 1091 295 1154 reges
326 1069 648 1135 Lacedaemoniorum
679 1071 801 1136 tollere.
831 1071 885 1135 sed
908 1069 983 1154 quia
1007 1068 1128 1134 sentie-

129 1182 187 1245 bat
216 1182 249 1245 id
280 1204 312 1246 se
344 1183 412 1247 sine
444 1204 504 1267 ope
532 1183 663 1247 deorum
686 1183 789 1247 facere
813 1202 880 1247 non
903 1202 1012 1266 posse,
1039 1181 1126 1264 quod

130 1292 375 1358 Lacedaemonii
406 1294 514 1358 omnia
545 1297 586 1358 ad
617 1295 745 1359 oracula
775 1294 892 1358 referre
915 1296 1130 1371 consuerant,

15 1492 16 1499 ἵ
101 1405 270 1489 aprimum
312 1405 505 1488 Delphicum
548 1427 748 1490 corrumpere
790 1409 838 1470 cst
874 1408 1018 1469 conatus.
1052 1425 1126 1468 cum

130 1515 164 1580 id
196 1537 263 1580 non
291 1516 465 1600 potuisset,
498 1516 667 1582 Dodonam
700 1518 830 1582 adortus
860 1519 917 1580 cst.
943 1516 1019 1579 hino
1043 1536 1128 1599 quo·

130 1648 193 1711 que
235 1627 379 1711 repulsus
417 1629 499 1693 dixit
532 1651 566 1694 se
600 1633 676 1694 vota
711 1623 901 1713 suscepisse,
937 1648 1019 1710 quae
1055 1626 1128 1691 Iovi

129 1736 305 1802 Hammoni
335 1739 487 1820 solveret,
520 1741 706 1806 existimans
729 1763 762 1805 se
785 1739 882 1805 Afros
905 1738 1031 1803 {acilius
1055 1736 1139 1803 cor?

102 1852 312 1934 erupturum.
344 1852 404 1916 hac
436 1874 492 1936 spe
522 1874 594 1917 cum
616 1851 778 1936 profectus
800 1853 882 1916 esset
904 1850 939 1914 in
963 1848 1129 1928 Africam,

131 1960 267 2024 multum
304 1983 376 2025 eum
411 1963 571 2028 antistites
602 1963 688 2029 Iovis
717 1962 918 2040 fefellerunt,
950 1984 1026 2025 nam
1059 1982 1128 2025 non

131 2072 234 2136 solum
271 2075 432 2158 corrumpi
466 2097 533 2139 non
562 2077 756 2159 potuerunt,
788 2075 843 2139 sed
874 2073 971 2138 etiam
1002 2073 1132 2156 legatos

132 2182 403 2250 Lacedaemonem
431 2186 587 2252 miserunt
619 2187 675 2271 qui
698 2186 898 2271 Lysandrum
922 2185 1129 2268 accusarent,

101 2297 217 2380 cquod
240 2300 418 2362 sacerdotes
441 2296 510 2361 fani
535 2319 735 2381 corrumpere
757 2301 891 2361 conatus
917 2299 1006 2361 esset.
1032 2317 1132 2360 accu-

131 2411 218 2474 satus
249 2410 309 2474 hoc
341 2409 474 2473 crimine
504 2409 709 2493 iudicumque
741 2409 907 2473 absolutus
940 2407 1130 2485 sententiis,

131 2517 352 2584 Orchomeniis
382 2521 496 2584 missus
528 2519 667 2584 subsidio
699 2520 820 2584 occisus
852 2523 900 2584 est
924 2541 942 2583 a
964 2518 1132 2583 Thebanis

36 2680 41 2698 ,
104 2630 216 2714 aapud
246 2630 439 2695 Haliartum.
474 2653 570 2715 quam
601 2653 674 2696 vere
704 2635 743 2696 de
767 2654 803 2697 eo
826 2631 910 2695 foret
932 2631 1125 2708 iudicatum,

131 2743 231 2807 oratio
263 2743 381 2807 indicio
413 2742 491 2819 fuit,
522 2765 603 2826 quac
626 2746 700 2828 post
723 2747 857 2808 mortem
880 2743 916 2806 in
940 2745 1034 2806 domo
1059 2741 1131 2806 eius

129 2856 255 2938 reperta
286 2856 350 2931 est,
383 2854 419 2917 in
449 2876 513 2937 qua
540 2855 651 2918 suadet
675 2853 953 2931 Lacedaemoniis,
978 2856 1015 2918 ut
1037 2853 1128 2937 regia

130 2968 288 3049 potestate
318 2965 472 3029 dissoluta
503 2988 542 3029 ex
574 2965 721 3031 omnibus
744 2966 808 3029 dux
831 2966 969 3050 eligatur
992 2966 1033 3029 ad
1056 2965 1129 3028 bel·

130 3078 198 3142 lum
223 3080 417 3162 gerendum,
441 3079 495 3142 scd
522 3078 568 3142 sic
591 3078 726 3162 scripta,
751 3081 789 3142 ut
811 3079 942 3142 deorum
967 3077 1133 3142 videretur

130 3209 305 3273 congruere
341 3189 536 3273 sententiae,
572 3210 669 3272 quam
702 3188 757 3253 ille
792 3210 824 3253 se
856 3189 1042 3253 habiturum
1070 3210 1131 3273 pe·

131 3301 227 3365 cunia
259 3303 360 3366 fidens
392 3322 459 3364 non
483 3301 655 3365 dubitarat.
680 3301 764 3365 hanc
788 3301 817 3364 ei
841 3300 1002 3383 scripsisse
1027 3297 1126 3364 Cleon

130 3411 387 3477 Halicarnassius
412 3413 537 3479 dicitur.

100 3523 122 3589 4
174 3521 282 3607 Atque
320 3523 380 3588 hoc
415 3523 486 3588 loco
522 3543 588 3587 non
625 3528 672 3587 est
706 3523 971 3608 praetereundum
1004 3521 1126 3617 factum

130 3633 349 3712 Pharnabazi,
374 3634 510 3719 satrapis
532 3635 623 3719 regii.
649 3657 724 3699 nam
747 3657 820 3700 cum
845 3634 1009 3720 Lysander
1032 3654 1128 3718 prae-
