2460 4026
427 219 507 264 xxv.
530 218 666 263 arrrous.
695 198 747 262 11.
774 197 826 262 12.
1033 195 1097 260 133
1173 218 1177 223 ·

101 395 204 462 iussit.
237 393 364 459 difficile
395 398 442 459 est
474 394 582 458 omnia
613 393 760 479 persequi
791 394 824 456 et
854 412 921 455 non
954 407 1126 455 necessa-3
1202 477 1203 481 Ἰ

102 506 197 571 rium.
228 505 310 570 illud
339 528 440 570 unum
472 505 614 590 intelligi
644 504 808 582 volumus,
841 502 937 567 illius·
956 501 1097 567 liberali-

101 620 202 684 tatem
232 639 336 703 neque
366 616 592 703 temporariam
622 637 724 701 neque
756 615 904 680 callidam
932 613 1038 678 luisse.
1065 612 1126 678 idr

101 751 141 795 ex
175 729 254 814 ipsis
278 730 381 810 ,rebus
415 750 452 794 ae
482 728 680 815 temporibus
709 727 843 791 iudicari
865 728 988 813 potest,
1013 727 1099 809 quod

102 863 169 906 non
205 840 394 906 florentibus
429 861 462 904 se
496 839 693 918 venditavit,
729 838 783 903 sed
817 837 941 903 afflictis
976 858 1099 921 semper

102 953 276 1018 succurrit:
301 953 357 1038 qui
380 953 510 1037 quidem
533 951 717 1035 Serviliam,
740 949 835 1015 Bruti
857 952 1008 1028 matrem,
1032 972 1099 1015 non

101 1064 210 1129 minus
243 1068 318 1149 post
353 1066 487 1128 mortem
522 1064 588 1129 eius
620 1085 716 1147 quarn
750 1063 917 1127 florentem
954 1062 1097 1127 coluerit.

102 1175 147 1241 sie
180 1175 373 1240 liberalitate
405 1178 497 1240 utens
529 1175 635 1240 nullas
665 1174 849 1240 inimicitias
872 1174 989 1259 gessit,
1013 1175 1125 1258 quoda

102 1309 207 1371 neque
236 1286 384 1351 laedebat
413 1309 603 1373 quemquam
634 1309 753 1372 neque,
777 1287 924 1371 siquam
947 1286 1097 1351 iniuriam

103 1401 284 1482 acceperat,
321 1419 389 1462 non
419 1399 561 1464 malebat
583 1399 728 1464 oblivisci
751 1421 846 1483 quam
872 1398 990 1463 ulcisci.
1013 1399 1125 1462 idem

101 1510 277 1574 immortali
299 1510 453 1574 memoria
474 1515 623 1596 percepta
646 1511 806 1576 retinebat
824 1510 996 1576 beneficia:
1017 1532 1097 1596 quae

102 1624 210 1684 autem
233 1620 301 1707 ipse
324 1620 498 1700 tribuerat,
521 1626 588 1686 tam
614 1622 668 1686 diu
692 1622 896 1706 meminerat,
922 1625 1027 1707 quoad
1043 1622 1098 1687 ille

102 1736 215 1817 gratus
247 1735 332 1812 erat,
364 1734 421 1817 qui
444 1737 617 1819 acceperat.
641 1734 750 1819 itaque
773 1733 826 1798 hic
848 1733 941 1814 feeit,
967 1738 1004 1799 ut
1025 1748 1125 1801 vareo

102 1845 225 1910 dictum
249 1845 411 1909 videatur:

290 2006 347 2073 Sui
370 2008 484 2094 cuique
507 2030 610 2073 mores
633 2007 765 2094 fingunt
787 1965 961 2074 fortunam.

100 2194 203 2256 neque
226 2176 334 2236 tamen
359 2171 414 2236 ille
436 2173 525 2255 prius
546 2171 710 2235 fortunam
730 2193 827 2255 quarn
847 2171 965 2254 seipse
985 2171 1097 2250 finxit,

102 2284 158 2369 qui
180 2285 283 2363 cavit,
305 2306 347 2348 ne
370 2306 434 2368 qua
457 2283 492 2347 in
515 2305 549 2347 re
571 2282 640 2347 iure
662 2282 863 2367 plecteretur.
1162 2356 1166 2369 Ι

147 2393 208 2459 His
230 2394 331 2480 igitur
353 2394 447 2459 rebus
470 2393 573 2458 effecit
596 2396 634 2457 ut
656 2393 700 2458 M.
725 2392 902 2478 Vipsanius
923 2392 1087 2479 Agrippa,
1101 2394 1141 2458 12

100 2506 216 2570 intima
247 2505 467 2570 familiaritate
502 2505 691 2570 coniunctus
725 2504 918 2571 adolescenti
950 2505 1096 2586 Caesari,

102 2638 174 2681 curn
202 2620 346 2710 propter
379 2640 469 2682 suam
503 2618 640 2702 gratiam
675 2621 722 2705 et
742 2616 885 2683 Caesaris
919 2619 1098 2703 potentiam

101 2728 222 2793 nullius
253 2729 447 2794 conditionis
477 2751 545 2794 non
576 2730 708 2794 haberet
735 2733 940 2815 potestatem,
967 2732 1096 2817 potissi-

102 2862 191 2904 mum
214 2840 281 2905 eius
305 2840 459 2924 deligeret
481 2840 670 2906 affinitatem
693 2845 957 2929 praeoptaretque
981 2844 1096 2928 equitis

100 2951 241 3015 Romani
282 2950 381 3016 filiam
424 2973 649 3036 generosarum
685 2953 817 3037 nuptiis.
854 2958 949 3038 atque
982 2955 1124 3019 hamma

101 3064 285 3147 nuptiarum
308 3062 502 3140 conciliator
531 3062 595 3126 fuit
624 3064 704 3150 (non
735 3067 784 3127 est
806 3065 892 3131 enirn
916 3066 1096 3153 celandum)

101 3173 147 3238 M.
186 3174 368 3254 Antonius,
403 3175 551 3239 triumvir
583 3175 629 3240 rei
663 3174 810 3259 publicae
844 3176 1095 3243 constituendae.

100 3283 191 3348 euius
226 3287 330 3370 gratia
365 3309 438 3352 curn
472 3308 588 3372 augere
619 3288 832 3372 possessiones
865 3293 973 3373 posset
1006 3311 1094 3367 suas,

100 3400 228 3478 tanturn
261 3398 342 3463 afuit
372 3421 391 3462 a
424 3399 598 3485 cupiditate
627 3400 799 3484 pecuniae,
831 3404 869 3464 ut
892 3400 981 3466 nulla
1003 3401 1095 3467 inre

100 3529 175 3572 usus
207 3508 250 3573 sit
278 3531 315 3574 ea
337 3511 408 3595 ‚nisi
438 3512 473 3575 in
505 3512 711 3597 deprecandis
735 3511 909 3576 amicorum
932 3515 989 3578 111
1010 3513 1094 3597 peri-

101 3619 180 3684 eulis
214 3624 272 3686 aut
302 3622 521 3688 incommodis.
554 3627 640 3708 quod
671 3625 799 3709 quidem
829 3625 888 3690 sub
918 3626 988 3712 ipsa
1019 3641 1121 3711 pro-a
1180 3657 1184 3662 ·
