2460 4026
596 188 624 226 w

156 364 176 418 1.
196 363 222 417 3.
242 365 275 417 3:
297 364 342 417 hia
361 393 397 402 —
417 361 580 436 [Miltiades]
602 365 731 418 hortatus
750 371 796 418 est.

156 487 176 541 Ι.
203 487 229 541 5.
256 486 288 541 3:
322 487 381 541 acie
407 487 548 542 instructa
577 487 691 557 repiene
725 505 783 543 non
810 489 991 560 apertissima
1020 487 1116 562 (nam-

39 598 43 604 ’
101 629 154 685 que
188 613 303 667 arbores
337 612 437 666 multis
476 613 541 665 iocis
576 619 659 667 erant
692 610 791 686 rarae)
822 615 968 685 proelium
1001 615 1116 668 commi-

100 743 207 792 serunt.

155 861 175 915 I.
202 861 227 916 8.
257 862 288 916 i:
321 878 432 916 omnem
463 861 586 916 nimiam
610 862 714 917 civium
738 879 857 917 suorum
881 863 1039 934 potentium
1067 881 1114 919 en-

100 987 285 1042 timesaebant.

156 1111 189 1166 II.
208 1111 234 1166 2.
256 1112 288 1165 3:
308 1110 415 1166 divitiis
432 1111 573 1166 osmunt.

155 1236 188 1291 Π.
208 1235 235 1291 6.
255 1236 286 1290 5:
306 1252 371 1290 oum
389 1235 458 1290 satis
477 1249 541 1291 Am
560 1236 640 1292 muri
658 1237 781 1292 entrueti
798 1237 971 1293 riderentur.

134 1357 136 1361 ’
156 1361 188 1416 Π.
210 1361 235 1416 7.
256 1361 288 1416 2:
308 1362 382 1426 viros
401 1362 483 1416 bonos
503 1391 539 1402 -
559 1359 672 1434 [quibus
692 1361 759 1416 fides
778 1360 951 1435 haberetur}

156 1487 189 1541 Π.
210 1486 235 1541 7.
255 1487 287 1541 5;
308 1487 408 1541 urbem
428 1484 487 1559 [ut]
505 1487 767 1558 propupnaeulum.

156 1611 190 1666 II.
211 1611 236 1665 7.
256 1610 288 1664 5:
310 1611 465 1666 biscopus
484 1611 579 1681 repias
597 1610 692 1680 secisse
710 1610 912 1682 naufrnpium.

157 1736 190 1791 Π.
211 1736 236 1790 7.
256 1735 288 1790 6;
315 1736 504 1803 remitterent,
534 1736 620 1790 aliter
647 1736 713 1789 illos
741 1752 902 1807 numquam
926 1737 960 1791 in
985 1737 1117 1809 patriam

101 1875 157 1914 esse
174 1875 342 1913 reversuros.

157 1983 190 2037 Π.
211 1983 237 2038 8.
263 1983 296 2038 2:
320 1989 439 2056 propter
462 1986 571 2040 multas
595 1998 715 2040 mvmss
740 2003 849 2057 mapna
873 2003 939 2040 eum
962 1985 1118 2056 dipnitate.

158 2109 190 2163 H.
211 2109 237 2164 8.
257 2109 289 2164 2:
309 2108 496 2183 [proditionis]
516 2111 671 2166 damnatus
690 2116 737 2165 est.

157 2235 190 2289 Π.
210 2234 236 2289 8.
257 2235 290 2289 4τ
312 2235 399 2307 filium
417 2236 478 2290 eius
492 2239 642 2308 paruulum
661 2266 697 2277 -
716 2253 781 2290 cum
800 2249 849 2291 130.

158 2359 191 2413 Π.
211 2359 255 2414 10.
276 2360 308 2414 1:
330 2361 431 2415 litteris
448 2361 625 2432 sermonique
644 2361 803 2415 Persarum
822 2375 913 2415 olims.

157 2485 203 2539 ΙΙΙ.
232 2484 258 2539 2.
288 2485 320 2539 i:
348 2485 381 2539 in
405 2486 528 2556 proelio,
558 2502 612 2557 quo
640 2484 723 2554 susm
752 2487 943 2541 barbarorum
971 2486 1115 2541 euerritus

102 2616 128 2666 et
147 2610 316 2665 Mardonius
333 2610 498 2680 interfectus
515 2617 562 2666 est.

150 2696 203 2792 m.
222 2736 248 2791 2.
268 2735 301 2791 2:
320 2735 388 2810 [quo
407 2736 475 2790 duee
494 2736 652 2790 Mardonius
670 2740 732 2790 orat
751 2734 888 2809 fugatus}

156 2863 201 2918 HI.
222 2862 248 2917 2.
269 2862 301 2917 3:
322 2876 359 2917 Ao
379 2863 410 2916 iol
430 2868 546 2934 tempus.

156 2987 202 3042 IV.
232 2988 258 3042 1.
294 2986 327 3041 3:
362 3001 421 3058 cois
454 3004 489 3042 en
519 2989 631 3059 praeda
666 2987 804 3060 tripodem
839 3005 962 3043 aureum
997 2987 1120 3059 Delphis

97 3113 236 3185 posuisset
268 3110 439 3183 epipramus
467 3112 619 3184 inscripsrr
647 3142 683 3153 -
711 3112 841 3183 Apollini
875 3127 905 3167 11)
934 3113 1042 3167 donum
1072 3114 1119 3167 de·

100 3237 180 3290 disse.

156 3360 202 3416 IV.
222 3360 248 3415 2.
269 3360 302 3441 3:
319 3360 495 3433 propinquos
516 3367 576 3416 tuos
595 3374 660 3416 nssss
680 3360 813 3432 oopnooit.

156 3486 203 3540 IV.
222 3486 248 3541 3.
268 3488 302 3542 4:
324 3490 428 3558 leputos
445 3506 511 3543 eum
531 3501 655 3543 samsai.
675 3489 714 3541 nd
733 3504 799 3541 eum
818 3488 967 3544 miserunt.

117 3684 121 3695 Ι
150 3611 199 3666 IV.
219 3613 246 3666 4.
267 3613 302 3670 4.-
321 3632 358 3669 en
377 3631 431 3689 quo
446 3620 538 3689 posset
554 3613 700 3671 exaudiri.
