2460 4026
422 187 520 231 xmn.
544 185 722 230 naumann.
749 167 778 233 5.
806 169 836 232 6.
1035 170 1098 234 115

103 383 178 426 eum
207 359 330 445 aliquot
353 337 410 425 ibi
424 360 491 424 dies
512 362 616 424 castra
639 359 803 424 habuisset
825 364 857 425 et
881 359 1024 446 Capuam
1048 385 1099 427 re-

103 473 297 548 verteretur,
330 469 366 546 Q.
398 470 516 536 Fabius
545 471 727 551 Maximus,
756 473 893 537 dictator
916 473 1097 552 Romanus,

102 585 138 648 in
170 604 249 668 egro
280 582 417 647 Falerno
449 584 478 648 ei
508 605 541 648 se
572 584 697 648 obiecit.
731 584 784 648 hic
808 585 933 650 clausus
956 586 1127 685 locorumo

102 695 262 779 angustiis
286 698 385 758 noctu
408 697 477 759 sine
499 694 565 759 ullo
589 695 783 759 detrimento
809 697 964 761 exercitus
985 719 1017 761 se
1042 719 1097 760 ex·
1225 780 1228 785 ¹

102 809 225 893 pedivit
243 807 421 892 Fabioque,
443 808 646 874 callidissimo
666 809 871 892 imperatori,
890 809 978 873 dedit
990 810 1096 874 verbe.

103 941 243 1004 namque
274 919 413 984 obducta
444 923 538 983 nocte
568 923 729 984 sarmenta
757 919 792 983 in
816 919 965 984 cornibus
984 920 1097 985 iuven·
1174 1005 1175 1008 Ἴ

103 1052 213 1095 corum
254 1030 395 1114 deligata
423 1031 567 1094 incendit
597 1030 726 1114 eiusque
759 1031 884 1115 generis
919 1032 1098 1097 multitudi-

77 1165 177 1207 nem
218 1163 371 1227 magnam
413 1142 602 1226 dispalatam
645 1142 787 1208 immisit.
829 1165 892 1227 quo
927 1145 1096 1228 repentino

103 1255 227 1319 obiecto
253 1255 322 1319 visu
345 1256 475 1318 tentum
497 1258 650 1318 terrorem
673 1254 785 1318 iniecit
809 1254 960 1320 exercitui
978 1255 1097 1319 Roma

102 1388 237 1443 norum,
262 1368 298 1430 ut
321 1365 430 1449 egredi
452 1367 541 1429 extra
565 1364 685 1429 vellum
708 1387 803 1429 nemo
827 1366 870 1430 sit
889 1389 992 1430 ausus.
1014 1367 1125 1431 hence

101 1480 176 1563 post
197 1499 265 1541 rem
290 1479 413 1561 gestam
437 1477 574 1541 nonita
597 1477 707 1541 multis
728 1477 838 1542 diebus
854 1477 898 1541 M.
920 1477 1098 1541 Minucium

102 1588 242 1666 Rufum,
278 1589 467 1672 magistrum
500 1588 642 1672 equitum
672 1588 741 1673 pari
767 1610 803 1653 ac
828 1589 1016 1653 dictatorem
1039 1589 1097 1652 im-

102 1700 208 1783 peri0,
246 1699 319 1763 dolo
356 1699 544 1783 perductum
578 1699 614 1763 in
648 1699 802 1784 proelium
834 1699 970 1783 fugavit.
1003 1698 1097 1763 Tibe-

99 1811 182 1875 rium
215 1810 440 1894 Sempronium
473 1810 669 1889 Gracchum,
702 1811 817 1875 iterum
851 1811 1031 1895 consulem,
1061 1809 1097 1874 in

101 1922 238 1987 Lucanis
282 1922 397 1997 absens
431 1923 467 1986 in
500 1919 632 1987 insidias
668 1923 836 1987 inductum
875 1922 1013 1988 sustulit.
1050 1921 1096 1987 M.

99 2033 270 2100 Claudium
294 2034 497 2111 Marcellum,
521 2034 688 2118 quinquies
714 2035 897 2113 consulem,
923 2037 1008 2119 apud
1030 2032 1096 2098 Vc-

99 2147 226 2212 nusiam
268 2147 339 2230 pari
381 2147 475 2210 modo
517 2147 687 2211 interfecit.
733 2146 869 2230 longum
904 2151 951 2210 est
986 2146 1124 2210 omnies

101 2278 287 2322 enumerare
317 2258 448 2341 proelia.
484 2278 582 2341 quare
613 2257 675 2321 hoc
704 2279 803 2320 unum
835 2257 913 2320 satis
945 2257 1005 2321 erit
1028 2259 1094 2322 dic-

100 2372 188 2447 tum,
226 2390 263 2432 ex
295 2390 359 2452 quo
389 2368 531 2453 intelligi
561 2368 680 2452 possit,
712 2370 853 2452 quantus
889 2367 942 2432 ille
980 2367 1093 2434 fuerit:

103 2481 256 2565 quamdiu
290 2481 326 2545 in
360 2480 456 2546 Italia
488 2479 568 2559 fuit,
605 2501 701 2544 nemo
735 2479 764 2543 ei
797 2479 833 2542 in
865 2479 931 2543 acie
960 2480 1093 2558 restitit,

100 2613 194 2656 nemo
237 2595 394 2657 adversus>
429 2614 501 2656 eum
535 2593 610 2676 post
644 2588 846 2655 Cannensem
881 2610 1025 2674 pugnam
1059 2591 1095 2655 in

101 2724 215 2788 campo
239 2707 344 2768 castra
366 2704 485 2788 posuit.

146 2814 233 2880 Hinc
263 2815 402 2880 invictus
432 2815 571 2899 patriam
595 2811 760 2878 defensum
783 2816 950 2878 revocatus
973 2814 1093 2878 bellum
1121 2815 1140 2878 6
1188 2838 1191 2843 ·

100 2926 199 3010 gessit
227 2926 377 2990 adversus
408 2925 445 2990 P.
474 2925 674 3010 Scipionem,
699 2925 801 2989 filium
825 2926 891 2990 eius
916 2925 1094 3010 Scipionis,

100 3058 195 3120 quem
222 3038 291 3122 ipse
313 3038 417 3122 primo
438 3040 524 3122 apud
546 3037 759 3115 Rhodanum,
784 3038 901 3102 iterum
925 3036 1009 3120 apud
1032 3035 1096 3100 Pa·

100 3148 194 3232 dum,
233 3147 328 3212 tertio
362 3152 447 3234 apud
481 3149 630 3214 Trebiam
665 3149 804 3234 fugarat.
843 3171 915 3214 cum
949 3148 1010 3212 hoc
1042 3162 1124 3211 err-2

100 3258 225 3323 haustis
254 3259 318 3323 iam
343 3261 465 3344 patriae
487 3260 693 3326 facultatibus
717 3260 840 3345 cupivit
863 3258 1096 3342 inpraesentia

100 3371 223 3437 bellum
249 3392 456 3455 componere,
481 3394 544 3456 quo
568 3372 726 3437 valentior
751 3375 863 3456 postea
887 3372 1096 3453 congredere·

101 3488 164 3547 tur.
199 3482 393 3567 colloquium
426 3484 593 3550 convenit:
621 3483 821 3548 conditiones
846 3504 913 3547 non
938 3501 1096 3546 convene-

101 3599 190 3660 runt.
226 3599 301 3681 post
335 3595 368 3659 id
404 3594 524 3662 factum
557 3594 667 3680 paucis
702 3594 814 3659 diebus
846 3595 933 3681 apud
965 3593 1126 3658 Zamame
