2460 4026
147 203 187 267 10
428 222 465 267 11.
489 221 732 266 raamsroonns.
760 201 788 265 1.
816 205 846 265 2.

142 395 286 460 celeriter
320 416 401 479 quae
436 415 516 477 opus
548 397 641 458 erant
672 392 864 477 reperiebat,
896 391 991 455 facile
1025 394 1137 457 eadem

113 507 288 573 curatione
320 505 508 591 explicabat.
540 526 642 589 neque
673 505 779 568 minus
809 503 844 566 in
868 504 963 568 rebus
989 505 1139 588 gerendis

144 622 289 704 promtus
312 639 410 701 quam
433 616 651 700 excogitandis
676 618 762 693 erat,
786 619 872 699 quod
898 620 931 680 et
954 617 993 680 de
1015 617 1139 681 instan-

144 728 248 806 tibus,
280 730 318 791 ut
346 727 390 790 ait
419 727 635 811 Thucydides,
669 727 831 791 verissime
853 727 1018 792 iudicabat
1041 732 1074 793 et
1099 730 1139 793 de

144 841 261 905 futuris
295 838 495 905 callidissime
530 838 728 903 coniiciebat.
766 858 828 922 quo
864 839 987 903 factum
1018 843 1067 904 est
1099 845 1138 904 ut

145 952 234 1018 brevi
258 954 400 1036 tempore
422 952 648 1016 illustraretur.

113 1067 137 1133 2
190 1062 316 1141 Primus
347 1067 452 1129 autem
486 1065 604 1147 gradus
634 1063 697 1126 fuit
727 1066 940 1147 capessendae.
959 1063 1006 1127 rei
1029 1064 1138 1148 publi-

144 1197 200 1240 cae
230 1175 314 1240 bello
347 1171 536 1260 Corcyraeo:
570 1177 609 1237 ad
643 1177 728 1258 quod
760 1177 936 1259 gerendum
967 1177 1140 1258 praetera

145 1287 263 1372 populo
295 1287 400 1350 factus
430 1308 497 1350 non
522 1285 624 1350 solum
648 1287 811 1370 praesenti
833 1286 936 1365 belle,
961 1290 1016 1351 sed
1041 1288 1140 1352 etiam

116 1399 270 1482 ,areliquo
301 1400 442 1481 tempore
474 1397 659 1462 ferociorem
690 1398 828 1461 reddidit
859 1399 1032 1462 civitatem.
1061 1422 1139 1464 nam

147 1532 218 1575 cum
249 1511 386 1594 pecunia
408 1509 551 1594 publiea,
577 1531 657 1593 quae
681 1530 719 1573 ex
743 1510 881 1573 metallis
904 1510 1048 1588 redibat,
1072 1510 1138 1575 lar·

103 1627 106 1637 ’
147 1621 268 1707 gitione
299 1621 546 1705 magistratuum
578 1621 750 1705 quotannis
781 1621 945 1705 interiret,
977 1621 1033 1686 ille
1065 1644 1139 1706 per-

145 1734 245 1798 suasit
275 1733 395 1818 populo
425 1735 463 1797 ut
494 1755 531 1796 ea
562 1733 696 1815 pecunia
720 1732 829 1796 classis
853 1735 983 1796 centum
1006 1733 1139 1798 navium

123 1844 380 1909 reedificaretur.
419 1865 483 1927 qua
518 1842 662 1907 celeriter
697 1843 809 1907 effecta
842 1843 982 1928 primum
1018 1842 1139 1928 Corcy-

148 1976 238 2019 raeos
260 1954 374 2039 fregit,
401 1954 514 2018 deinde
533 1938 710 2017 maritimos
730 1957 904 2038 praedones
925 1959 1139 2020 consectando

146 2088 232 2130 mare
262 2070 370 2129 tutum
401 2065 549 2129 reddidit.
580 2065 616 2129 in
646 2086 709 2149 quo
739 2087 811 2129 cum
835 2065 953 2129 divitiis
977 2066 1138 2144 oneravit,

146 2181 216 2242 tum
241 2177 336 2242 etiam
360 2177 567 2261 peritissimos
586 2177 663 2241 belli
682 2177 805 2241 navalis
825 2176 900 2241 fecit
913 2177 1138 2242 Athenienses.
1173 2200 1175 2205 ·

113 2290 178 2362 aid
213 2293 353 2373 quantae
388 2288 484 2352 saluti
516 2287 613 2350 fuerit
648 2287 814 2351 universae
849 2285 1017 2365 Graeciae,
1054 2287 1138 2353 bello

147 2401 312 2485 cognitum
345 2403 393 2464 est
423 2398 558 2463 Persico.
592 2420 668 2462 nam
698 2420 771 2462 cum
801 2398 922 2462 Xerxes
946 2402 978 2462 et
1000 2400 1083 2463 mari
1107 2403 1139 2464 et

144 2515 230 2576 terra
261 2512 381 2576 bellum
412 2510 579 2574 universae
610 2509 744 2574 inferret
765 2509 920 2593 Europae
938 2531 1011 2574 cum
1036 2510 1137 2575 tantis

147 2620 265 2706 copiis,
297 2626 434 2706 quantas
464 2644 566 2706 neque
594 2625 668 2685 ante
693 2643 752 2685 nec
774 2624 886 2706 postea
909 2621 1024 2685 habuit
1048 2623 1137 2706 quis-

117 2750 262 2817 squam:
295 2732 389 2797 huius
422 2732 505 2796 enim
538 2731 645 2796 classis
677 2731 765 2796 mille
788 2733 822 2795 et
844 2734 1054 2796 ducentarum
1078 2755 1137 2796 na·
1219 2754 1225 2769 ·

145 2845 233 2909 vium
262 2845 432 2928 longarum
464 2843 544 2922 fuit,
576 2866 673 2929 quam
704 2845 766 2908 duo
796 2844 896 2907 millia
920 2845 1138 2910 onerariarum

145 2957 377 3042 sequebantur,
413 2957 573 3020 terrestris
606 2957 714 3020 autem
745 2955 901 3020 exercitus
933 2955 1138 3040 septingenta

117 3070 308 3155 opeditum,
333 3068 475 3151 equitum
498 3067 737 3152 quadringenta
759 3067 861 3129 millia
880 3066 1027 3132 fuerunt:
1049 3068 1138 3132 cuius

123 3164 186 3245 ¹de
215 3182 356 3247 adventu
387 3201 458 3244 cum
489 3179 575 3243 fama
604 3181 637 3243 in
663 3178 827 3244 Graeciam
852 3181 935 3242 esset
959 3178 1082 3262 perlata
1106 3182 1139 3242 et

146 3291 283 3355 maxime
310 3292 523 3358 Athenienses
546 3292 613 3375 peti
637 3291 817 3355 dicerentur
839 3291 970 3372 propter
993 3309 1138 3372 pugnam

146 3403 400 3482 Marathoniam,
426 3403 583 3467 miserunt
605 3402 746 3486 Delphos
770 3402 964 3476 consultum,
984 3400 1137 3483 quidnam

146 3515 287 3579 facerent
311 3516 349 3579 de
373 3516 466 3580 rebus
490 3514 564 3579 suis.
589 3513 840 3578 deliberantibus
863 3511 980 3595 Pythia
1002 3533 1137 3595 respon-

120 3625 212 3709 adit,
245 3630 282 3690 ut
309 3627 476 3692 moenibus
499 3625 614 3712 ligneis
637 3648 670 3691 se
694 3626 868 3690 munirent.
892 3624 925 3687 id
949 3645 1138 3708 responsum
