2460 4026
407 170 490 217 xvir.
514 168 697 214 nocerinus.
723 150 822 214 6-8.
1047 149 1089 215 87

98 345 298 431 recuperavit
340 346 373 407 et
416 341 573 407 adiunctis
608 342 647 406 de
681 341 745 406 suis
780 341 950 406 comitibus
983 342 1091 406 locum

98 460 205 523 tutum
236 455 375 540 reliquit.
406 475 546 538 namque
576 452 624 516 illi
655 453 778 517 adiecto
807 474 940 517 numero
964 474 1089 538 eorum,

98 569 154 655 qui
186 570 331 652 expertes
360 570 452 630 erant
481 565 625 649 consilii,
650 586 847 630 commovere
869 587 902 630 ae
925 586 992 629 non
1015 568 1093 629 sunt

99 681 170 744 ausi
201 701 300 765 eoque
321 678 494 756 libentius,
518 677 604 761 quod
627 676 726 742 latere
749 677 990 743 arbitrabantur
1012 699 1094 761 quae

45 788 50 795 ’
98 791 330 875 cogitaverant.

145 901 221 966 Sine
263 901 359 966 dubio
402 903 477 985 poet
518 899 717 966 Leuctricam
758 922 902 985 pugnam
937 901 1140 968 Lacedae-7,

100 1012 201 1077 monii
230 1034 263 1077 se
294 1034 472 1095 numquam
502 1011 681 1075 refecerunt
710 1033 813 1096 neque
835 1011 1009 1096 pristinum
1031 1014 1093 1076 im-

99 1125 223 1209 perium
253 1127 496 1207 recuperarunt,
529 1145 601 1187 curn
626 1123 756 1186 interim
780 1146 956 1208 numquam
978 1124 1094 1208 Agesi-

100 1236 170 1300 laus
216 1235 340 1299 destit't
381 1233 632 1318 quibuscumque
673 1234 768 1298 rebus
809 1239 916 1319 posset
957 1214 1098 1319 patriam¹

99 1348 219 1411 iuvare.
260 1368 337 1409 nam
379 1368 451 1410 curn
486 1347 656 1432 praecipue
691 1346 934 1412 Lacedaemonii
967 1347 1122 1431 indige-2

100 1462 174 1522 rent
203 1461 357 1551 pecunia,
389 1457 444 1522 ille
475 1458 641 1535 omnibus,
672 1459 729 1542 qui
758 1481 778 1522 a
800 1480 875 1543 rege
897 1459 1096 1544 defecerant,

99 1571 258 1655 praesidio
290 1571 369 1636 fuit:
395 1593 414 1634 a
438 1570 554 1654 quibus
577 1590 697 1654 magna
720 1573 858 1635 donatus
880 1572 1016 1655 pecunia
1038 1594 1096 1656 pa-

100 1682 195 1745 triam
228 1682 417 1747 sublevavit.
448 1684 545 1765 atque
576 1681 612 1745 in
640 1680 702 1744 hoc
732 1681 812 1745 illud
841 1682 876 1745 in
900 1682 1011 1765 primis
1034 1681 1124 1747 fuito

100 1793 301 1872 admirabile,
334 1817 407 1859 cum
438 1794 576 1858 maxima
607 1815 740 1858 munera
771 1794 800 1857 ei
831 1793 872 1857 ab
902 1793 1032 1878 regibus
1059 1816 1096 1859 ac

100 1904 244 1989 dynastis
275 1905 520 1990 civitatibusque
544 1903 784 1984 conferrentur,
808 1904 894 1989 quod
917 1905 1001 1969 nihil
1024 1929 1096 1970 nm·

99 2037 196 2099 quam
220 2018 350 2080 domum
371 2040 461 2082 suam
486 2017 641 2096 eontulit,
665 2017 748 2081 nihil
771 2020 810 2082 de
829 2018 934 2102 victu,
952 2019 1097 2085 nihilue

100 2126 219 2190 vestitu
249 2125 413 2190 Laeonum
440 2128 587 2193 mutavit.
623 2130 717 2191 domo
742 2127 850 2191 eadem
874 2128 937 2192 fuit
961 2135 1124 2196 conten-4

101 2241 172 2314 tus,
205 2259 269 2320 qua
299 2236 534 2321 Eurysthenes,
558 2237 745 2322 progenitor
768 2238 924 2303 maiorum
948 2262 1096 2324 auorum,

100 2347 207 2413 fuerat
237 2370 329 2413 usus:
362 2369 458 2432 quam
488 2348 544 2433 qui
572 2347 730 2428 intrarat,
754 2348 880 2414 nullum
903 2331 1032 2437 dignum
1055 2353 1097 2419 li·

59 2520 61 2525 ,
101 2461 236 2539 bidinis,
272 2460 399 2525 nullum
430 2459 574 2524 luxuriae
604 2459 710 2525 videre
739 2464 885 2544 poterat,
917 2467 1030 2529 eontra
1059 2488 1097 2530 ea

102 2571 241 2655 plurima
269 2571 445 2656 patientiae
476 2573 573 2655 atque
603 2571 827 2637 abstinentiae.
851 2573 896 2638 aie
920 2575 1005 2639 enim
1028 2579 1096 2642 erat

102 2683 277 2761 instructa,
310 2686 347 2747 ut
377 2683 412 2747 in
441 2682 532 2747 nulla
561 2704 595 2746 re
623 2683 765 2748 differret
786 2705 805 2748 a
829 2685 968 2753 cuiusvis
989 2688 1095 2772 inopie

44 2875 48 2880 .
103 2798 199 2879 atque
221 2794 349 2878 privati.
376 2865 379 2869 ‚

148 2905 255 2991 Atque
289 2904 343 2970 bic
373 2908 484 2971 tantus
515 2906 564 2972 vir
594 2909 633 3001 ut
662 2909 809 2973 naturam
842 2908 1009 2976 fautricem
1041 2912 1123 2978 ha·8

103 3018 218 3082 buerat
247 3018 283 3082 in
306 3018 484 3083 tribuendis
515 3018 615 3082 animi
637 3019 823 3099 virtutibus,
851 3022 896 3085 sic
919 3022 1096 3095 maleficam

103 3133 217 3194 nactus
247 3131 296 3192 eet
323 3130 358 3193 in
386 3151 517 3215 corpore
539 3129 709 3216 fingendo:
734 3154 809 3197 nam
834 3137 866 3198 et
888 3136 1012 3217 statura
1034 3134 1097 3201 fuit

102 3239 219 3305 humili
257 3243 290 3304 et
325 3262 456 3326 corpore
489 3242 604 3328 exiguo
639 3245 672 3328 et
706 3243 837 3309 claudus
870 3245 971 3310 altero
1005 3250 1096 3331 pede.

103 3375 186 3437 quae
219 3373 270 3417 res
305 3352 401 3416 etiam
434 3353 625 3417 nonnullam
660 3355 812 3419 afferebat
843 3355 1096 3440 deformitatem,

28 3447 29 3450 Ἴ
105 3467 200 3548 atque
228 3464 351 3548 ignoti,
385 3464 500 3529 faciem
523 3465 589 3530 eius
612 3488 685 3532 eum
708 3466 928 3546 intuerentur,
952 3471 1096 3534 contem-

105 3574 243 3657 nebant,
277 3574 333 3660 qui
364 3577 470 3640 autem
500 3576 633 3642 virtutes
656 3579 831 3657 noverant,
856 3600 923 3644 non
945 3582 1097 3664 poterant
