2460 4026
379 226 417 269 11.
440 223 682 270 mnnisrocnns.
709 205 807 268 2-4.
1030 205 1084 295 ⁴ll

92 424 161 489 quo
184 401 306 466 valeret
329 420 401 463 cum
424 398 619 482 intelligeret
642 417 754 474 nemo,
777 395 1087 482 Themistoclesper-

92 514 199 581 suasit
228 511 396 578 consilium
423 532 489 575 esse
513 508 693 594 ApolliniS,
717 511 755 572 ut
775 509 811 573 in
834 531 932 574 naves
956 532 989 574 se
1012 531 1086 574 sua-

93 642 160 712 que
190 623 387 689 conferrent:
419 643 490 687 eum
522 622 607 686 enim
639 643 659 684 a
682 621 740 685 deo
764 620 937 705 significari
960 643 1087 685 murum

94 738 250 822 ligneum.
283 734 341 798 tali
372 733 505 798 consilio
535 733 670 820 probato
701 733 826 796 addunt
848 731 888 796 ad
912 733 1115 817 superioresa

95 849 231 915 totidem
263 867 361 910 naves
390 845 534 909 triremes
565 865 684 928 suaque
713 843 836 921 omnia,
864 865 946 928 qnae
968 845 1088 910 moveri

95 961 262 1045 poterant,
293 957 411 1041 partim
442 954 622 1033 Salamina,
647 954 767 1040 partim
790 955 953 1020 Troezena
972 932 1089 1041 'depor-

90 1074 188 1136 tant:
220 1090 324 1134 arcem
355 1067 572 1132 sacerdotibus
602 1067 772 1152 paucisque
801 1067 976 1132 maioribus
1009 1072 1088 1134 natu

90 1184 138 1247 ad
169 1203 259 1247 sacra
280 1179 481 1264 procuranda
505 1180 654 1257 tradunt,
679 1179 836 1264 reliquum
860 1179 1013 1265 oppidum
1037 1202 1088 1244 re·

97 1295 261 1378 linquunt.
847 1266 858 1287 ⁰

143 1405 250 1470 Huius
286 1402 454 1468 consilium
490 1404 650 1488 plerisque
685 1403 869 1469 civitatibus
903 1403 1118 1490 displicebat3

92 1521 132 1582 -et
166 1516 202 1581 in
236 1518 322 1580 terra
358 1511 502 1579 dimicari
539 1514 640 1598 magis
675 1514 831 1598 placebat.
862 1513 971 1598 itaque
1002 1515 1090 1580 missi

91 1630 177 1694 sunt
207 1627 320 1692 delecti
350 1637 423 1690 cum
456 1625 614 1710 Leonida,
647 1624 969 1690 Lacedaemoniorum
996 1646 1089 1709 rege,

54 1720 63 1736 ⁸
91 1740 154 1826 qui
197 1737 428 1822 Thermopylas
470 1739 666 1822 occuparent
708 1737 900 1821 longiusque
938 1736 1090 1803 barbaros

95 1851 249 1937 progredi
279 1872 345 1914 non
377 1851 573 1933 paterentur.
605 1848 628 1912 ii
654 1849 720 1914 vim
743 1847 883 1912 hostium
907 1870 973 1913 non
997 1850 1091 1914 susti-

97 1965 240 2027 nuerunt
282 1982 381 2045 eoque
423 1963 493 2026 loco
528 1983 638 2026 omnes
671 1961 873 2025 interierunt.
908 1963 944 2025 at
978 1962 1121 2026 classisa

93 2073 277 2139 communis
307 2072 457 2138 Graeciae
479 2076 695 2138 trecentarum
719 2074 868 2150 navium,
889 2073 923 2136 in
948 2094 1010 2155 qua
1034 2072 1090 2135 du·

92 2188 210 2250 centae
233 2187 325 2249 erant
346 2183 603 2263 Atheniensium,
616 2185 755 2269 primum
778 2184 863 2268 apud
882 2183 1090 2247 Artemisium

97 2296 184 2360 inter
207 2295 370 2360 Euboeam
394 2297 678 2380 continentemque
700 2299 819 2359 terram
839 2317 912 2359 cum
924 2293 1091 2359 classiariis

93 2407 195 2492 'regiis
223 2406 377 2471 conflixit.
411 2408 577 2492 angustias
601 2408 688 2472 enim
710 2407 940 2472 Themistocles
963 2427 1091 2490 quaere·

98 2519 172 2595 bat,
196 2540 239 2582 ue
261 2519 470 2584 multitudine
487 2520 714 2583 circumiretur.
732 2518 785 2583 hic
805 2518 864 2582 etsi
876 2517 947 2601 pari
965 2517 1085 2601 proelio
1104 2530 1119 2578 3

94 2631 324 2708 discesserant,
359 2635 467 2695 tamen
498 2634 607 2695 eodem
638 2631 709 2694 loco
742 2651 810 2693 non
834 2633 911 2693 sunt
934 2630 1002 2694 ausi
1026 2652 1092 2692 rna·

64 2812 67 2818 ,
98 2763 191 2824 nere,
222 2744 307 2825 quod
337 2746 404 2805 erat
428 2742 620 2826 periculum,
648 2764 706 2818 ne,
731 2740 757 2804 si
780 2762 855 2825 pars
879 2740 1010 2804 navium
1034 2741 1092 2803 ad-

98 2851 309 2916 versariorum
339 2853 503 2918 Euboeam
531 2856 725 2937 superasset,
751 2851 886 2936 ancipiti
911 2873 1091 2936 premeren-

98 2967 152 3028 tur
177 2963 334 3055 periculc,
362 2986 425 3049 quo
447 2965 574 3029 factum
596 2968 644 3028 est
668 2967 706 3027 ut
729 2963 769 3027 ab
793 2962 965 3027 Artemisio
991 2962 1091 3026 disce·

98 3075 211 3140 derant
242 3078 275 3140 et
305 3080 511 3141 exadversum
543 3075 689 3140 Athenas
714 3077 800 3159 apud
824 3074 987 3140 Salamina
1010 3072 1091 3136 olas·

95 3208 165 3251 sem
189 3209 280 3251 suam
304 3188 545 3253 const‘tuerent.

143 3298 190 3364 At
224 3298 345 3364 Xerxes
381 3298 604 3384 Thermopylis
636 3295 828 3382 expugnatis
860 3295 1007 3380 protinus
1038 3311 1119 3360 ao-4

95 3410 194 3474 cessit
212 3413 285 3474 astu
305 3410 401 3496 idque
419 3410 517 3475 nullis
530 3409 786 3484 defendentibus,
798 3406 974 3472 interfectis
987 3428 1091 3471 sacer·
1180 3435 1182 3438 >

96 3519 244 3599 dotibus,
277 3542 357 3606 quos
392 3522 428 3586 in
464 3543 535 3586 arce
569 3521 754 3598 invenerat,
790 3518 939 3583 incendio
964 3519 1091 3583 delevit.

97 3633 191 3700 cuius
223 3634 354 3700 flamma
384 3635 546 3720 perterriti
578 3631 732 3697 classiarii
763 3653 839 3696 cum
869 3652 1002 3695 manere
1026 3642 1131 3690 nona
