2460 4026
394 185 398 194 ·
440 192 507 234 xvr.
533 190 716 235 Panormus.
743 172 772 233 1.
800 172 830 233 2.
1068 171 1107 233 79

114 368 285 442 diderunt,
316 365 402 449 quod
435 364 587 447 susceptis
618 363 793 430 inimicitiis
826 367 923 432 satius
950 369 1108 434 ducebant

113 501 168 545 eos
191 478 328 542 obsideri
349 499 445 560 quam
473 476 610 539 liberari.
636 499 711 540 nam
735 482 809 561 post
840 479 1107 565 Peloponnesium

110 592 231 655 bellum
264 588 472 673 Athenasque
503 589 642 651 devictas
674 610 745 652 cum
770 589 931 656 Thebanis
956 593 1016 656 sibi
1041 616 1105 657 rem

111 724 181 767 esse
204 700 432 765 existimabant
457 703 489 763 et
512 721 564 763 eos
589 721 654 764 esse
677 700 778 777 solos,
805 704 860 786 qui
884 705 1032 769 adversus
1055 728 1104 768 re-

110 815 222 879 sistere
255 813 419 876 auderent.
448 810 509 875 hac
532 814 639 874 mente
662 812 772 875 amicis
796 814 859 877 suis
883 838 1021 880 summas
1044 837 1139 898 por

109 929 243 990 testates
276 926 430 988 dederant
462 922 654 1005 alteriusque
674 921 823 987 factionis
848 926 1007 1009 principes
1030 951 1105 1012 par-

109 1039 170 1101 tim
213 1035 459 1110 interfecerant,
504 1034 581 1097 alios
621 1033 655 1095 in
692 1034 822 1098 exilium
858 1037 1031 1114 eiecerant,
1067 1041 1101 1103 in

108 1149 226 1233 quibus
249 1147 419 1230 Pelopidas
444 1146 513 1223 bic,
539 1147 577 1210 de
601 1168 663 1230 quo
687 1147 823 1211 scribere
848 1149 949 1212 exorsi
974 1172 1102 1226 sumus,

108 1260 221 1345 pulsus
244 1259 348 1343 patria
374 1259 511 1322 carebat.

155 1370 200 1434 Hi
230 1392 340 1435 omnes
373 1369 438 1434 fere
471 1369 615 1434 Athenas
643 1392 676 1450 se
701 1371 923 1449 contulerant,
949 1393 1102 1458 nonque
1129 1376 1148 1437 2

108 1487 317 1566 sequerentur
345 1483 463 1560 otium,
489 1484 543 1546 sed
567 1486 621 1559 ut,
646 1504 739 1566 quem
765 1504 803 1545 ex
826 1484 972 1566 proximo
997 1486 1100 1549 locum

106 1597 175 1660 fors
218 1596 402 1672 obtulisset,
447 1616 483 1658 eo
520 1594 658 1678 patriam
692 1615 876 1677 recuperare
912 1596 1101 1690 niterentur.

104 1708 215 1790 itaque
246 1729 317 1771 cum
350 1710 475 1791 tempus
506 1711 586 1770 esset
609 1706 712 1770 visum
744 1707 789 1768 rei
814 1707 987 1788 gerendae,
1012 1728 1135 1774 com-2

105 1821 248 1884 muniter
279 1842 351 1883 cum
382 1819 438 1895 iis,
463 1819 518 1901 qui
541 1817 659 1881 Thebis
683 1818 767 1881 idem
792 1818 993 1895 sentiebant,
1020 1820 1101 1883 diem

105 1932 295 2014 delegerunt
338 1931 377 1993 ad
419 1930 565 1993 inimicos
607 1930 833 2012 opprimendos
877 1930 1100 2015 civitatemque

104 2041 303 2105 liberandam
327 2063 414 2118 eum,
440 2062 503 2125 quo
527 2041 659 2106 maximi
683 2042 891 2123 magistratus
915 2042 1009 2104 simul
1022 2064 1102 2105 con-

64 2181 70 2189 ·
104 2157 236 2217 suerent
266 2154 397 2236 epulari.
431 2175 567 2236 magnae
599 2175 690 2235 saepe
721 2174 770 2214 res
803 2173 869 2214 non
901 2151 947 2213 ita
973 2154 1134 2235 magnisa

103 2265 206 2348 copiis
236 2267 312 2328 sunt
344 2268 467 2349 gestae,
499 2267 553 2328 sed
586 2262 729 2347 profecto
762 2283 936 2346 numquam
970 2265 1035 2326 tarn
1057 2264 1097 2326 ab

102 2375 196 2440 tenui
225 2375 318 2439 initio
351 2377 461 2438 tantae
492 2395 567 2458 opes
595 2378 672 2438 sunt
694 2373 893 2458 profligatae.
921 2398 997 2438 nam
1020 2376 1099 2439 duo-

103 2488 206 2553 decim
239 2487 468 2552 adolescentuli
498 2487 642 2550 coierunt
665 2509 703 2549 ex
728 2486 783 2562 iis,
809 2487 864 2569 qui
888 2487 982 2551 exilio
1006 2492 1099 2551 erant

103 2599 252 2675 multati,
287 2579 360 2663 cum
390 2600 520 2662 omnino
552 2620 619 2662 non
648 2602 753 2662 essent
782 2598 918 2682 amplius
950 2601 1098 2674 centum,

102 2712 160 2796 qui
190 2714 282 2774 tanto
315 2733 347 2774 se
378 2711 529 2775 offerrent
560 2710 711 2793 periculo
744 2732 807 2793 qua
839 2713 1000 2794 paucitate
1024 2733 1095 2795 per·
1125 2768 1127 2773 .

101 2823 190 2888 culsa
222 2825 270 2885 est
301 2821 624 2885 Lacedaemoniorum
656 2823 810 2904 potentia.
845 2821 879 2884 hi
911 2823 996 2885 enim
1029 2837 1130 2885 nona

101 2935 204 3018 magis
229 2933 480 2998 adversariorum
500 2932 633 2995 factioni
653 2954 750 3015 quam
771 2931 937 3015 Spartanis
957 2953 992 2996 eo
1014 2936 1096 3007 tem-

100 3065 179 3129 pore
213 3045 334 3108 bellum
364 3044 561 3120 intulerunt,
598 3043 654 3126 qui
685 3044 844 3126 principes
875 3045 968 3106 erant
997 3044 1094 3107 totius

101 3156 270 3222 Graeciae:
299 3177 436 3239 quorum
459 3155 585 3238 imperii
607 3156 773 3232 maiestas,
800 3175 903 3237 neque
925 3154 971 3216 ita
995 3152 1096 3217 multo

99 3271 191 3352 post,
216 3267 381 3332 Leuctrica
398 3287 507 3350 pugna
527 3267 567 3330 ab
586 3267 647 3330 hoc
666 3267 760 3330 initio
779 3266 923 3349 perculsa
944 3262 1094 3326 concidit.

99 3369 147 3443 illi
164 3379 264 3462 igitur
284 3379 467 3455 duodecim,
489 3401 623 3463 quorum
644 3368 709 3442 dux
728 3383 796 3442 erat
816 3373 1003 3457 Pelopidas,
1020 3397 1089 3439 cum
1112 3393 1125 3435 5

98 3491 238 3556 Athenis
249 3490 388 3554 interdiu
401 3494 582 3555 exeundum
596 3494 693 3569 esset,
708 3494 744 3554 ut
756 3490 993 3571 vesperascente
1007 3486 1091 3550 caelo

95 3600 225 3667 Thebas
235 3605 366 3687 possent
375 3603 625 3686 pervenire,oum
635 3603 768 3666 canibus
777 3600 930 3665 venaticis
939 3599 1092 3680 exierunt,
1148 3656 1152 3663 .
