2460 4026
477 203 524 247 rr.
549 201 726 247 11011011.
752 185 783 249 4.
1060 184 1102 249 29

103 379 212 444 fectus
243 378 337 443 classi
368 377 403 440 in
434 375 519 441 bello
551 376 654 440 multa
684 377 853 441 crudeliter
876 398 1031 460 avareque
1054 376 1102 441 fe-

100 491 201 555 cisset
224 489 325 573 deque
348 488 387 553 iis
411 488 506 553 rebus
531 489 744 573 suspicaretur
767 491 808 552 ad
832 488 914 553 cives
938 509 1011 552 suos
1036 509 1103 553 esse

105 601 283 686 perlatum,
319 600 412 684 petiit
447 622 466 664 a
497 599 706 665 Pharnabazo
737 601 775 663 ut
803 600 844 664 ad
875 599 1010 684 ephoros
1042 599 1103 664 sibi

100 711 326 777 testimonium
350 713 460 787 daret,
480 714 603 795 quanta
623 711 793 776 sanctitate
813 710 932 775 bellum
953 711 1102 796 gessisset

100 823 269 907 sociosque
300 815 487 901 tradtasset,
520 826 621 908 deque
644 845 681 887 ea
705 845 739 886 re
762 825 909 887 accurate
932 823 1102 889 scriberet:

105 954 259 1019 magnam
291 933 377 997 enim
408 935 475 998 eius
507 934 732 999 auctoritatem
762 933 798 996 in
831 956 868 998 ea
892 956 926 1001 re
948 935 1101 1001 suturam.

104 1046 180 1110 huie
208 1045 257 1109 illi
286 1045 461 1110 liberaliter
491 1046 680 1130 pollicetur,
711 1045 828 1109 librum
852 1047 1007 1129 grandem
1030 1062 1131 1114 ver-2

103 1158 153 1222 bis
185 1157 295 1221 multis
326 1157 529 1241 conscripsit,
560 1157 595 1220 in
620 1157 736 1241 quibus
761 1158 891 1222 summis
915 1181 988 1222 eum
1013 1161 1104 1225 effert

107 1269 266 1333 laudibus.
298 1291 392 1353 quem
425 1290 494 1333 cum
526 1269 655 1353 legisset
685 1269 928 1354 probassetque,
959 1271 1034 1334 dum
1059 1271 1102 1334 si-

106 1383 244 1466 gnatur,
266 1379 402 1443 alterum
421 1379 491 1465 pari
512 1381 751 1464 magnitudine,
769 1384 862 1445 tanta
873 1380 1102 1460 similitudine,

108 1495 145 1555 ut
175 1491 311 1555 discerni
344 1512 411 1555 non
439 1493 563 1576 posset,
596 1492 759 1576 signatum
791 1493 944 1571 subiecit,
975 1492 1010 1556 in
1038 1515 1101 1577 quo

104 1603 342 1668 accuratissime
372 1602 438 1666 eius
469 1602 635 1666 avaritiam
665 1603 894 1688 perfidiamque
925 1608 1100 1669 accusarat.

107 1715 287 1802 Lysander,
324 1715 454 1778 domum
492 1735 564 1778 cum
595 1714 744 1792 redisset,
776 1718 946 1800 postquam
978 1718 1016 1779 de
1037 1716 1129 1780 suiss

104 1830 201 1894 rebus
232 1827 331 1913 gestis
362 1828 446 1911 apud
478 1825 652 1890 maximum
683 1827 905 1911 magistratum
936 1849 1018 1911 quae
1041 1849 1099 1892 vo-

107 1941 212 2005 luerat
243 1940 382 2016 dixerat,
412 1938 589 2002 testimonii
611 1938 681 2003 loco
704 1937 822 2002 librum
846 1962 865 2003 a
888 1939 1099 2005 Pharnabazo

103 2054 216 2116 datum
239 2051 381 2115 tradidit.
407 2048 494 2113 hunc
518 2052 676 2113 summoto
700 2047 864 2133 Lysandro
893 2073 965 2116 cum
986 2051 1098 2137 ephori

103 2165 315 2248 cognossent,
347 2160 409 2245 ipsi
438 2161 609 2245 legendum
638 2160 802 2224 dederunt.
827 2162 874 2224 ita
896 2161 951 2226 ille
975 2163 1096 2247 impru-

103 2275 184 2339 dens
206 2274 273 2359 ipse
297 2296 372 2338 suus
395 2273 458 2338 fuit
482 2276 657 2337 accusator.

556 2478 697 2490 ,-...-..

420 2646 502 2720 VII.
528 2643 827 2722 ALCIBIADES.

148 2824 349 2903 Alcibiades,
395 2826 519 2892 Cliniae
560 2826 662 2904 filius,
705 2825 923 2891 Atheniensis.
964 2827 998 2890 in
1035 2826 1124 2890 hoel

104 2942 221 3003 natura
252 2938 329 3022 quid
361 2937 483 3003 efficere
513 2938 630 3022 possit,
655 2937 780 3003 videtur
803 2941 942 3021 experta.
968 2940 1096 3002 constat

100 3052 187 3115 enim
212 3052 298 3115 inter
320 3071 446 3134 omnes,
472 3050 527 3134 qui
550 3052 589 3113 de
612 3072 648 3114 eo
672 3050 841 3114 memoriae
865 3049 1092 3133 prodiderunt,

34 3168 38 3172 '
100 3161 183 3226 nihil
213 3161 270 3226 illo
301 3162 398 3226 fuisse
425 3161 631 3226 excellentius
653 3161 704 3225 vel
726 3161 761 3225 in
785 3161 871 3225 vitiis
895 3161 947 3225 vel
969 3160 1005 3223 in
1027 3159 1094 3223 vir-

98 3273 234 3338 tutibus.
281 3277 376 3338 natus
414 3274 450 3337 in
483 3273 678 3356 amplissima
712 3274 841 3338 civitate
877 3292 999 3336 summo
1035 3287 1122 3355 gea

99 3407 191 3463 nere,
226 3386 370 3450 omnium
400 3384 512 3449 aetatis
544 3406 619 3448 suae
641 3385 743 3449 multo
766 3383 1029 3460 formosissimus,
1053 3381 1094 3445 ad

99 3517 211 3562 omnes
240 3519 291 3562 res
322 3499 416 3580 aptus
448 3495 634 3580 consiliique
664 3495 779 3579 plenus
811 3497 963 3582 (namque
989 3495 1091 3578 impe·
1176 3513 1177 3518 ¹

99 3612 188 3673 rator
218 3608 281 3674 fuit
310 3632 451 3675 summus
480 3612 514 3674 et
545 3609 626 3673 mari
658 3611 692 3673 et
720 3611 837 3695 terra),
870 3609 1023 3686 disertus,
1056 3609 1094 3670 ut
