2460 4026
398 204 704 251 11.runu1srocuus.
728 183 759 248 5.
786 185 817 248 6.
1065 187 1107 251 13

110 380 202 446 Asia.
226 379 305 444 haec
329 381 380 444 est
401 379 500 443 altera
522 377 676 455 victoria,
701 400 782 463 quae
804 400 877 443 cum
897 378 1105 446 Marathonio

108 491 215 576 possit
246 489 423 574 comparari
452 493 595 574 tropaeo.
620 512 697 553 nam
721 490 911 574 parimodo
935 493 1020 575 apud
1045 489 1103 557 Sa-

108 602 231 667 lamina
253 622 353 686 parvo
376 623 508 666 numero
532 601 664 666 navium
689 602 829 666 maxima
848 605 924 687 post
936 601 1105 666 hominum

110 713 297 779 memoriam
321 713 430 778 classis
453 716 501 778 est
524 714 656 778 devicta.

156 826 297 910 Magnus
326 825 388 889 hoc
416 825 501 890 bello
531 825 762 890 Themistocles
785 825 850 890 fuit
872 848 975 911 neque
998 828 1135 892 minor6

109 939 146 1003 in
181 959 269 1023 pace.
305 959 378 1002 cum
409 937 495 1002 enim
525 936 692 1002 Phalerico
723 941 820 1021 portu
851 959 955 1023 neque
987 959 1107 1023 magno

111 1072 215 1136 neque
248 1050 335 1114 bono
370 1049 585 1115 Athenienses
620 1051 804 1134 uterentur,
840 1048 935 1112 huius
971 1049 1106 1113 consilio

108 1161 228 1246 triplex
262 1159 367 1225 Piraei
397 1162 510 1244 portus
541 1159 736 1223 constitutus
766 1161 815 1223 est
846 1159 949 1243 iisque
982 1160 1105 1223 moeni-

109 1273 171 1338 bus
195 1273 425 1349 circumdatus,
448 1275 487 1335 ut
509 1271 612 1355 ipsam
638 1271 749 1335 urbem
772 1271 931 1356 dignitate
952 1271 1103 1355 aequipa-

109 1389 218 1462 raret,
250 1383 389 1448 utilitate
420 1386 591 1467 superaret.
617 1381 702 1445 idem
725 1403 833 1447 muros
856 1382 1132 1448 Atheniensium

110 1495 252 1560 restituit
286 1495 456 1580 praecipuo
493 1516 550 1559 suo
585 1495 736 1579 periculo.
772 1516 910 1579 namque
945 1494 1103 1559 Lacedae-

110 1607 214 1670 monii
257 1628 385 1671 causam
420 1606 569 1669 idoneam
605 1606 693 1670 nacti
729 1609 861 1691 propter
896 1606 1105 1670 barbarorum

111 1717 331 1795 excursiones,
362 1740 424 1802 qua
456 1721 612 1802 negarent
642 1721 789 1801 oportere
822 1722 910 1788 extra
942 1717 1102 1801 Pelopon-

111 1852 224 1894 nesum
256 1829 355 1892 ullam
387 1829 498 1894 urbem
530 1851 639 1894 muros
670 1829 806 1908 habere,
840 1851 880 1893 ne
904 1833 1010 1894 essent
1034 1829 1103 1893 loca

110 1942 252 2028 munita,
277 1962 357 2025 quae
381 1941 489 2005 hostes
513 1942 729 2026 possiderem,
757 1941 973 2006 Athenienses
993 1941 1103 2005 aedifi·

111 2057 219 2118 cantes
250 2053 418 2136 prohibere
441 2056 519 2117 sunt
539 2055 658 2117 conati.
683 2054 744 2118 hoc
768 2054 865 2137 longe
889 2053 952 2117 alio
980 2055 1131 2136 specta-3

109 2163 166 2227 bat
198 2166 294 2248 atque
323 2164 424 2229 videri
446 2165 606 2230 volebant.
633 2165 847 2229 Athenienses
872 2164 957 2227 enim
981 2164 1104 2227 duabus
1160 2186 1162 2190 ’

111 2275 271 2353 victoriis,
302 2275 507 2340 Marathonia
539 2280 572 2340 et
601 2275 793 2354 Salaminia,
818 2277 943 2339 tantam
967 2275 1104 2358 gloriam

111 2386 197 2470 apud
227 2407 337 2451 omnes
370 2391 481 2471 gentes
505 2391 597 2452 erant
619 2387 798 2465 consecuti,
826 2391 863 2450 ut
882 2386 1105 2469 'intelligerent

110 2498 355 2562 Lacedaemonii
390 2503 428 2562 de
459 2499 644 2583 principatu
676 2499 736 2563 sibi
767 2521 839 2563 cum
870 2498 909 2561 iis
942 2500 1104 2561 certamen

111 2610 190 2676 fore.
226 2633 323 2695 quare
357 2632 409 2674 eos
445 2633 541 2695 quam
576 2611 809 2675 infirmissimos
841 2631 908 2674 esse
941 2609 1102 2672 volebant.

111 2726 282 2806 postquam
308 2726 413 2786 autem
433 2722 603 2786 audierunt
622 2743 730 2786 muros
751 2720 840 2799 strui,
861 2721 984 2804 legatos
999 2721 1131 2784 Athe-4

112 2855 170 2896 nas
201 2832 372 2911 miserunt,
404 2832 461 2917 qui
492 2833 525 2897 id
560 2833 628 2897 fieri
659 2835 815 2897 vetarent.
852 2831 902 2895 his
926 2833 1102 2916 praesenti-

110 2943 170 3006 bus
202 2944 365 3007 desierunt
396 2966 433 3007 ac
463 2966 495 3008 se
519 2945 557 3008 de
581 2967 617 3008 ea
640 2966 674 3007 re
697 2944 820 3027 legatos
845 2944 885 3007 ad
910 2964 962 3006 eos
986 2944 1102 3007 missu-

108 3075 161 3118 ros
194 3055 358 3120 dixerunt.
387 3055 471 3119 hanc
495 3055 688 3139 legationem
712 3055 851 3139 suscepit
875 3054 1130 3118 Themistocleso

107 3170 142 3230 et
172 3166 259 3240 solus
291 3166 394 3251 primo
428 3167 589 3251 profectus
623 3171 687 3230 est:
713 3166 827 3250 reliqui
850 3166 949 3250 legati
973 3169 1016 3245 ut,
1033 3168 1103 3228 tum

104 3279 249 3364 exirent,
288 3301 360 3344 cum
396 3279 472 3343 satis
509 3278 566 3342 alti
598 3278 681 3342 muri
715 3279 869 3344 exstructi
900 3279 1103 3355 viderentur,

108 3390 285 3474 praecepit:
321 3390 450 3454 interim
483 3411 608 3467 omnes,
642 3391 724 3454 servi
754 3394 849 3474 atque
880 3389 990 3466 liberi,
1024 3410 1104 3473 opus
1189 3475 1190 3480 ἵ

107 3501 253 3566 facerent
284 3523 387 3586 neque
420 3502 477 3566 ulli
507 3502 577 3566 loco
611 3504 794 3586 parcerent,
829 3502 893 3565 sive
926 3522 1014 3564 sacer
1037 3500 1103 3564 sive

110 3613 283 3697 profanus,
316 3614 382 3678 sive
412 3614 555 3699 privatus
588 3616 670 3678 esset
703 3614 768 3678 sive
795 3614 958 3697 publicus,
986 3615 1017 3676 et
1041 3635 1102 3675 un-
