2460 4026
467 194 512 236 rx.
537 192 650 238 coron.
677 175 774 238 1-3.
1049 176 1093 240 43

102 367 169 430 est:
205 388 281 431 nam
312 368 345 429 et
373 370 515 450 prudens
539 368 586 431 rei
616 366 763 430 militaris
794 370 826 431 et
857 367 994 452 diligens
1025 371 1094 432 erat

99 480 285 562 imperator.
313 478 421 562 itaque
443 479 563 543 nemini
587 481 656 543 erat
678 478 717 543 iis
740 478 937 562 temporibus
960 479 1121 544 dubiuma

100 590 128 654 si
159 589 329 667 adfuisset,
358 589 447 654 illam
469 589 683 655 Athenienses
706 591 919 656 calamitatem
944 595 1092 675 aceeptu-

99 722 153 765 ros
176 722 243 766 non
267 699 373 765 fuisse.

146 812 255 877 Rebus
278 816 384 876 autem
409 812 555 896 afflictis,
580 835 651 877 eum
670 814 809 898 patriam
829 815 966 878 obsideri
985 816 1120 879 audis-2

99 929 167 1003 set,
199 946 267 989 non
299 925 473 1008 quaesivit,
506 925 560 988 ubi
583 925 651 1008 ipse
675 928 745 989 tuto
768 926 906 1008 viveret,
930 927 985 990 sed
1009 927 1093 991 unde

99 1037 257 1120 praesidio
301 1046 408 1121 posset
446 1058 512 1100 esse
548 1036 669 1100 civibus
703 1037 776 1102 suis.
812 1036 921 1121 itaque
956 1039 1094 1102 contulit

100 1171 134 1212 se
157 1151 198 1212 ad
222 1148 483 1223 Pharnabazum,
508 1150 666 1231 satrapem
690 1149 800 1212 Ioniae
824 1152 856 1212 et
876 1148 994 1233 Lydiae
1013 1171 1092 1213 eun-

101 1260 237 1343 demque
269 1280 421 1344 generum
453 1259 537 1342 regis
568 1247 602 1322 'et
632 1259 865 1344 propinquum:
891 1261 976 1344 apud
1000 1283 1093 1345 quern

102 1372 140 1434 ut
166 1370 303 1435 multum
323 1371 428 1454 gratia
449 1370 585 1453 valeret,
607 1371 709 1435 multo
729 1372 838 1435 labore
857 1372 1027 1455 multisque
1046 1371 1093 1435 ef-

101 1482 178 1546 feoit
212 1482 369 1566 periculis.
403 1503 477 1544 nam
511 1503 583 1545 oum
616 1481 857 1547 Lacedaemonii
887 1482 1123 1547 Atheniensi-3

101 1594 163 1657 bus
195 1593 326 1656 devietis
356 1594 391 1656 in
423 1592 573 1656 sotietate
604 1612 671 1655 non
695 1598 875 1677 manerent,
901 1614 998 1675 quam
1022 1614 1094 1656 eum

103 1702 280 1768 Artaxerxe
302 1703 463 1780 fecerant,
486 1702 735 1787 Agesilaumque
757 1702 912 1766 bellatum
935 1705 1096 1768 misissent

101 1816 136 1881 in
170 1814 300 1892 Asiam,
332 1815 469 1879 maxime
499 1815 629 1898 impulsi
660 1836 679 1877 a
708 1813 937 1898 Tissapherne,
969 1816 1024 1899 qui
1056 1837 1095 1879 ex

102 1927 224 1991 intimis
256 1927 340 2013 regis
371 1927 412 1990 ab
444 1926 585 1990 amicitia
607 1926 674 1989 eius
697 1925 857 1990 defecerat
880 1931 911 1990 et
936 1949 1008 1990 oum
1031 1927 1093 1991 La-

101 2038 313 2103 cedaemoniis
345 2038 463 2102 coierat
487 2038 684 2113 societatem,
709 2037 795 2100 huno
817 2037 968 2103 adversus
992 2038 1094 2101 Phar·

102 2150 242 2214 nabazus
265 2149 393 2214 habitus
417 2152 466 2214 est
487 2151 677 2234 imperator,
701 2171 735 2212 re
759 2150 887 2232 quidem
912 2171 986 2212 vera
1005 2170 1093 2212 exer-

102 2262 181 2325 citui
217 2260 354 2345 praefuit
388 2259 501 2325 Conon
536 2260 665 2344 eiusque
701 2259 810 2323 omnia
841 2260 973 2323 arbitrio
1005 2262 1095 2342 gesta

102 2376 189 2438 sunt.
225 2372 278 2437 hio
311 2373 449 2437 multum
485 2373 597 2437 duoem
629 2395 787 2436 summum
817 2371 1001 2455 Agesilaum
1033 2369 1122 2432 im-3

102 2485 224 2570 pedivit
258 2507 413 2570 saepeque
443 2485 509 2549 eius
540 2484 680 2549 consiliis
712 2484 855 2560 obstitit,
888 2503 990 2566 neque
1021 2501 1095 2544 vero

103 2618 171 2661 non
205 2596 268 2660 fuit
303 2601 466 2680 apertum,
503 2598 529 2660 si
563 2596 617 2661 ille
652 2618 718 2660 non
750 2596 878 2671 fuisset,
909 2593 1094 2677 Agesilaum

101 2709 213 2773 Asiam
237 2708 342 2771 Tauro
366 2711 459 2772 tenus
479 2708 548 2792 regi
567 2708 664 2772 fuisse
682 2704 872 2790 erepturum.
893 2707 948 2789 qui
968 2710 1124 2789 postea-4

103 2843 198 2904 quam
235 2820 365 2882 domum
400 2843 419 2882 a
454 2821 518 2883 suis
554 2820 675 2884 oivibus
710 2823 876 2883 revocatus
912 2822 979 2893 est,
1010 2815 1096 2900 quod

103 2931 229 2997 Boeotii
259 2936 292 2995 et
318 2930 527 2994 Athenienses
550 2931 806 2994 Lacedaemoniis
828 2930 946 2994 bellum
972 2928 1095 2991 indixe-

103 3046 197 3119 rant,
223 3041 336 3108 Conon
362 3042 462 3106 nihilo
483 3042 583 3106 secius
604 3045 689 3125 apud
708 3041 884 3125 praefectos
902 3040 1005 3123 regios
1026 3059 1096 3101 ver-

103 3154 234 3218 sabatur
253 3154 355 3237 iisque
380 3153 529 3217 omnibus
552 3173 671 3237 magno
696 3155 764 3216 erat
786 3152 866 3217 usui.

148 3266 316 3331 Defecerat
346 3289 365 3329 a
389 3286 463 3350 rege
485 3264 728 3347 Tissaphernes,
754 3284 858 3347 neque
882 3263 914 3325 id
939 3265 1007 3324 tam
1031 3260 1125 3325 Ar·3

103 3381 227 3445 taxerxi
271 3388 366 3464 quam
411 3370 522 3441 oeteris
565 3379 634 3440 erat
668 3381 831 3458 apertum:
869 3374 976 3437 multis
1011 3374 1095 3437 enim

104 3491 292 3576 magnisque
315 3489 437 3553 meritis
460 3489 544 3572 apud
567 3508 694 3572 regem,
720 3487 815 3550 etiam
840 3506 911 3549 oum
935 3486 970 3550 in
994 3485 1096 3550 offioio

104 3623 171 3666 non
201 3605 362 3678 maneret,
395 3601 532 3666 valebat.
564 3620 667 3681 neque
697 3598 730 3660 id
754 3599 824 3660 erat
846 3596 1046 3673 mirandum,
1070 3595 1097 3659 si
