2460 4026
129 208 150 268 4
461 219 691 266 1111111111.
717 204 749 267 2.
775 203 805 265 3.

126 417 235 459 eorum
265 395 432 459 voluntate
456 396 646 478 perpetuum
669 394 838 478 imperium
862 394 1040 481 obtineret,
1065 398 1124 483 qui
1149 429 1152 433 ²

128 507 297 584 miserant,
324 528 421 591 quam
443 506 588 584 illorum,
617 528 688 570 cum
715 506 831 590 quibus
855 510 925 573 erat
946 509 1121 594 proiectus.

98 617 324 685 iehersoneso
356 619 415 682 tali
444 620 538 682 modo
569 619 745 684 constituta
769 617 927 685 Lemnum
950 621 1123 687 revertitur

128 732 160 793 et
182 752 221 793 ex
244 731 338 813 pacto
358 730 502 814 postulat
522 734 558 794 ut
579 731 639 794 sibi
659 730 771 794 urbem
782 733 925 810 tradant,
938 737 1122 798 cumvento

127 843 223 905 borea
254 842 349 906 domo
382 842 544 926 profectus
576 863 612 905 eo
636 842 851 926 pervenisset,
875 865 908 907 se
931 847 1038 907 autem
1063 846 1122 910 do·

127 976 214 1017 mum
251 952 440 1020 Chersonesi
470 954 596 1019 habere.
630 952 743 1033 Cares,
776 954 832 1039 qui
861 957 931 1019 tum
962 955 1122 1022 Lemnum

103 1064 335 1144 oincolebant,
360 1067 420 1131 etsi
442 1068 569 1150 praeter
592 1066 778 1150 opinionem
801 1089 851 1131 res
873 1067 1045 1146 ceciderat,
1069 1073 1121 1134 ta-

127 1199 200 1241 men
231 1199 299 1241 non
331 1179 434 1256 dicto,
466 1181 521 1242 sed
549 1180 688 1242 secunda
711 1176 843 1242 fortuna
867 1180 1122 1245 adversariorum

126 1288 211 1373 capti
246 1288 390 1352 resistere
423 1289 491 1353 ausi
521 1309 589 1353 non
620 1293 697 1353 sunt
731 1292 828 1373 atque
859 1311 898 1354 ex
926 1290 1032 1355 insula
1063 1293 1121 1357 de·

127 1400 317 1484 migrarunt.
354 1392 426 1484 pari
455 1400 608 1466 felicitate
640 1404 761 1466 ceteras
784 1400 924 1480 insulas,
948 1424 1029 1486 quae
1053 1401 1120 1487 (ly-

127 1510 232 1576 clades
268 1511 494 1594 nominantur,
532 1511 593 1576 sub
628 1511 875 1577 Atheniensium
905 1513 1031 1597 redegit
1058 1537 1120 1598 po-

126 1626 284 1690 testatem.

106 1736 125 1798 3
171 1735 288 1800 lisdem
320 1738 516 1821 temporibus
547 1737 717 1801 Persarum
747 1759 803 1800 rex
833 1734 950 1801 Darius
979 1757 1018 1798 ex
1040 1733 1121 1800 Asia

126 1847 161 1910 in
192 1845 356 1932 Europam
385 1849 524 1912 exercitu
549 1847 680 1913 traiecto
705 1846 833 1931 Scythis
856 1848 976 1912 bellum
1000 1846 1122 1912 inferre

128 1960 276 2025 decrevit.
309 1963 442 2043 pontem
473 1959 551 2023 fecit
581 1959 614 2022 in
640 1959 723 2024 Istro
748 1959 899 2037 flumine,
925 1980 988 2044 quo
1011 1959 1121 2043 copias

128 2073 317 2136 traduceret.
358 2072 425 2136 eius
459 2071 586 2155 pontis,
621 2073 696 2134 dum
731 2071 800 2155 ipse
835 2069 975 2148 abesset,
1012 2075 1120 2136 custo-

128 2187 182 2248 des
201 2184 332 2268 reliquit
349 2183 531 2269 principes,
552 2204 632 2268 quos
652 2204 759 2247 secum
780 2205 819 2246 ex
839 2182 932 2247 Ionia
943 2188 976 2246 et
987 2181 1122 2249 Aeolide

128 2296 280 2359 duxerat:
316 2295 431 2378 quibus
448 2365 451 2369 y
466 2294 601 2378 singulis
632 2295 775 2379 ipsarum
805 2295 934 2359 urbium
966 2299 1121 2379 perpetua

99 2410 259 2472 adederat
279 2407 423 2491 imperia.
449 2407 494 2471 sic
517 2407 603 2470 enim
626 2406 778 2470 facillime
801 2405 928 2491 putavit
947 2428 980 2470 se
999 2405 1121 2471 Graeca

127 2520 240 2603 lingua
256 2519 447 2610 loquentes,
471 2518 527 2602 qui
549 2517 661 2582 Asiam
684 2517 879 2602 incolerent,
904 2518 963 2582 sub
988 2541 1045 2582 sua
1068 2541 1120 2584 re-

21 2666 24 2671 ·
126 2636 293 2694 tenturum
327 2633 503 2715 potestate,
541 2631 568 2693 si
603 2629 712 2694 amicis
748 2629 812 2693 suis
850 2630 968 2713 oppida
1000 2631 1121 2694 tuenda

127 2742 326 2820 tradidisset,
351 2742 467 2827 quibus
492 2764 524 2806 se
550 2763 699 2827 oppresso
725 2726 815 2806 nulla
838 2764 909 2825 spes
932 2743 1045 2806 salutis
1068 2765 1120 2806 re-

126 2855 332 2938 linqueretur.
366 2854 402 2917 in
432 2853 493 2918 hoc
525 2853 588 2917 fuit
620 2858 691 2916 tum
714 2874 847 2917 numero
871 2852 1042 2917 Miltiades.
1068 2852 1121 2916 hic

100 2982 201 3031 ecum
224 2965 326 3030 crebri
349 2965 501 3029 afferrent
523 2965 650 3042 nuntii,
676 2964 758 3028 male
777 2986 844 3029 rem
865 2985 974 3049 gerere
985 2963 1121 3027 Darium

126 3078 290 3164 premique
313 3100 332 3140 a
355 3075 499 3161 Scythis,
524 3076 672 3141 hortatus
697 3080 744 3141 est
768 3077 877 3160 pontis
900 3075 1064 3152 custodes,
1079 3098 1121 3140 ne

128 3214 146 3254 a
176 3191 308 3254 fortuna
338 3188 446 3251 datam
469 3188 667 3253 occasionem
690 3187 873 3252 liberandae
898 3186 1048 3251 Graeciae
1072 3185 1120 3249 di-

99 3302 302 3365 tmitterent.
328 3323 404 3365 nam
428 3299 551 3365 sicum
575 3301 614 3364 iis
638 3299 752 3384 copiis,
780 3321 859 3383 quas
884 3320 990 3363 secum
1013 3302 1120 3362 trans·

127 3417 290 3498 portarat,
315 3414 476 3477 interisset
498 3411 633 3488 Darius,
658 3432 725 3476 non
746 3413 850 3474 solum
869 3409 1032 3493 Europam
1053 3407 1121 3472 fore

127 3531 251 3604 tutam,
277 3528 331 3589 sed
357 3525 453 3588 etiam
477 3523 533 3608 qui
553 3522 663 3587 Asiam
684 3522 861 3587 incolerent
880 3520 992 3585 Gracci
1005 3541 1121 3603 genere

127 3637 246 3702 liberos
280 3659 299 3700 a
322 3637 491 3701 Persarum
513 3635 639 3700 futuros
664 3634 881 3699 dominatione
904 3637 937 3696 et
959 3631 1120 3716 periculo:
