<?xml version="1.0" encoding="UTF-8"?>
<!DOCTYPE html PUBLIC "-//W3C//DTD XHTML 1.0 Transitional//EN"
    "http://www.w3.org/TR/xhtml1/DTD/xhtml1-transitional.dtd">
<html xmlns="http://www.w3.org/1999/xhtml" xml:lang="en" lang="en">
 <head>
  <title>
</title>
<meta http-equiv="Content-Type" content="text/html;charset=utf-8" />
  <meta name='ocr-system' content='tesseract 3.04.00' />
  <meta name='ocr-capabilities' content='ocr_page ocr_carea ocr_par ocr_line ocrx_word'/>
</head>
<body>
  <div class='ocr_page' id='page_1' title='image "./corneliinepotis09nepogoog_0115.png"; bbox 0 0 2460 4026; ppageno 0'>
   <div class='ocr_carea' id='block_1_1' title="bbox 123 205 790 277">
    <p class='ocr_par' dir='ltr' id='par_1_1' title="bbox 123 205 790 277">
     <span class='ocr_line' id='line_1_1' title="bbox 123 205 790 277; baseline -0.012 -1"><span class='ocrx_word' id='word_1_1' title='bbox 123 210 166 277; x_wconf 90' lang='grc'>96</span> <span class='ocrx_word' id='word_1_2' title='bbox 402 227 499 272; x_wconf 83' lang='lat' dir='ltr'>xvnr.</span> <span class='ocrx_word' id='word_1_3' title='bbox 522 224 677 270; x_wconf 77' lang='lat' dir='ltr'>nummus.</span> <span class='ocrx_word' id='word_1_4' title='bbox 703 206 732 269; x_wconf 89' lang='lat'>8.</span> <span class='ocrx_word' id='word_1_5' title='bbox 759 205 790 270; x_wconf 83' lang='lat'>9.</span> 
     </span>
    </p>
   </div>
   <div class='ocr_carea' id='block_1_2' title="bbox 97 395 1124 598">
    <p class='ocr_par' dir='ltr' id='par_1_2' title="bbox 97 395 1124 598">
     <span class='ocr_line' id='line_1_2' title="bbox 97 395 1124 488; baseline -0.012 -18"><span class='ocrx_word' id='word_1_6' title='bbox 97 419 314 488; x_wconf 68' lang='lat' dir='ltr'>aspressurum.</span> <span class='ocrx_word' id='word_1_7' title='bbox 361 401 402 464; x_wconf 90' lang='lat' dir='ltr'>ad</span> <span class='ocrx_word' id='word_1_8' title='bbox 444 399 529 463; x_wconf 91' lang='lat' dir='ltr'>hanc</span> <span class='ocrx_word' id='word_1_9' title='bbox 578 419 646 462; x_wconf 87' lang='lat' dir='ltr'>rem</span> <span class='ocrx_word' id='word_1_10' title='bbox 687 395 918 460; x_wconf 87' lang='lat' dir='ltr'>conficiendam</span> <span class='ocrx_word' id='word_1_11' title='bbox 953 396 1124 479; x_wconf 87' lang='lat' dir='ltr'>imperavit</span> 
     </span>
     <span class='ocr_line' id='line_1_3' title="bbox 125 506 1123 598; baseline -0.006 -20"><span class='ocrx_word' id='word_1_12' title='bbox 125 536 221 598; x_wconf 89' lang='lat' dir='ltr'>quam</span> <span class='ocrx_word' id='word_1_13' title='bbox 253 512 405 597; x_wconf 87' lang='lat' dir='ltr'>plurimos</span> <span class='ocrx_word' id='word_1_14' title='bbox 428 514 515 575; x_wconf 89' lang='lat' dir='ltr'>utres</span> <span class='ocrx_word' id='word_1_15' title='bbox 543 513 639 594; x_wconf 88' lang='lat' dir='ltr'>atque</span> <span class='ocrx_word' id='word_1_16' title='bbox 661 508 758 572; x_wconf 88' lang='lat' dir='ltr'>etiam</span> <span class='ocrx_word' id='word_1_17' title='bbox 782 506 900 571; x_wconf 89' lang='lat' dir='ltr'>culleos</span> <span class='ocrx_word' id='word_1_18' title='bbox 926 508 1123 591; x_wconf 89' lang='lat' dir='ltr'>comparari,</span> 
     </span>
    </p>
   </div>
   <div class='ocr_carea' id='block_1_3' title="bbox 83 618 1174 3697">
    <p class='ocr_par' dir='ltr' id='par_1_3' title="bbox 83 618 1174 3697">
     <span class='ocr_line' id='line_1_4' title="bbox 127 618 1124 711; baseline -0.008 -21"><span class='ocrx_word' id='word_1_19' title='bbox 127 629 200 711; x_wconf 90' lang='lat' dir='ltr'>post</span> <span class='ocrx_word' id='word_1_20' title='bbox 233 624 311 688; x_wconf 91' lang='lat' dir='ltr'>haec</span> <span class='ocrx_word' id='word_1_21' title='bbox 346 621 515 707; x_wconf 82' lang='lat' dir='ltr'>pabulum,</span> <span class='ocrx_word' id='word_1_22' title='bbox 553 623 717 704; x_wconf 89' lang='lat' dir='ltr'>praeterea</span> <span class='ocrx_word' id='word_1_23' title='bbox 742 618 861 683; x_wconf 88' lang='lat' dir='ltr'>cibaria</span> <span class='ocrx_word' id='word_1_24' title='bbox 885 621 977 683; x_wconf 89' lang='lat' dir='ltr'>cocta</span> <span class='ocrx_word' id='word_1_25' title='bbox 1001 619 1124 683; x_wconf 86' lang='lat' dir='ltr'>dierum</span> 
     </span>
     <span class='ocr_line' id='line_1_5' title="bbox 127 729 1124 820; baseline -0.009 -18"><span class='ocrx_word' id='word_1_26' title='bbox 127 738 249 820; x_wconf 84' lang='lat' dir='ltr'>decem,</span> <span class='ocrx_word' id='word_1_27' title='bbox 284 737 321 798; x_wconf 92' lang='lat' dir='ltr'>ut</span> <span class='ocrx_word' id='word_1_28' title='bbox 350 755 447 818; x_wconf 89' lang='lat' dir='ltr'>quam</span> <span class='ocrx_word' id='word_1_29' title='bbox 476 732 612 796; x_wconf 92' lang='lat' dir='ltr'>minime</span> <span class='ocrx_word' id='word_1_30' title='bbox 635 731 725 795; x_wconf 88' lang='lat' dir='ltr'>fieret</span> <span class='ocrx_word' id='word_1_31' title='bbox 747 730 834 814; x_wconf 87' lang='lat' dir='ltr'>ignis</span> <span class='ocrx_word' id='word_1_32' title='bbox 856 730 892 792; x_wconf 92' lang='lat' dir='ltr'>in</span> <span class='ocrx_word' id='word_1_33' title='bbox 915 730 1038 794; x_wconf 88' lang='lat' dir='ltr'>castris.</span> <span class='ocrx_word' id='word_1_34' title='bbox 1063 729 1124 794; x_wconf 90' lang='lat' dir='ltr'>iter</span> 
     </span>
     <span class='ocr_line' id='line_1_6' title="bbox 91 830 1174 933; baseline -0.006 -21"><span class='ocrx_word' id='word_1_35' title='bbox 91 842 94 848; x_wconf 79' lang='grc'><strong>’</strong></span> <span class='ocrx_word' id='word_1_36' title='bbox 127 870 189 933; x_wconf 91' lang='lat' dir='ltr'>quo</span> <span class='ocrx_word' id='word_1_37' title='bbox 212 846 345 924; x_wconf 87' lang='lat' dir='ltr'>habeat,</span> <span class='ocrx_word' id='word_1_38' title='bbox 370 866 480 909; x_wconf 91' lang='lat' dir='ltr'>omnes</span> <span class='ocrx_word' id='word_1_39' title='bbox 501 844 594 907; x_wconf 91' lang='lat' dir='ltr'>celat.</span> <span class='ocrx_word' id='word_1_40' title='bbox 619 842 664 907; x_wconf 90' lang='lat' dir='ltr'>sic</span> <span class='ocrx_word' id='word_1_41' title='bbox 689 844 839 926; x_wconf 90' lang='lat' dir='ltr'>paratus,</span> <span class='ocrx_word' id='word_1_42' title='bbox 864 863 927 925; x_wconf 89' lang='lat' dir='ltr'>qua</span> <span class='ocrx_word' id='word_1_43' title='bbox 948 841 1124 905; x_wconf 87' lang='lat' dir='ltr'>constitue·</span> <span class='ocrx_word' id='word_1_44' title='bbox 1171 830 1174 839; x_wconf 70' lang='grc'><strong>’</strong></span> 
     </span>
     <span class='ocr_line' id='line_1_7' title="bbox 130 957 394 1042; baseline -0.019 -18"><span class='ocrx_word' id='word_1_45' title='bbox 130 963 182 1024; x_wconf 89' lang='lat' dir='ltr'>rat</span> <span class='ocrx_word' id='word_1_46' title='bbox 203 957 394 1042; x_wconf 88' lang='lat' dir='ltr'>profiscitur.</span> 
     </span>
     <span class='ocr_line' id='line_1_8' title="bbox 107 1042 1124 1151; baseline -0.009 -14"><span class='ocrx_word' id='word_1_47' title='bbox 107 1074 126 1136; x_wconf 85' lang='lat'>9</span> <span class='ocrx_word' id='word_1_48' title='bbox 172 1070 349 1136; x_wconf 86' lang='lat' dir='ltr'>Dimidium</span> <span class='ocrx_word' id='word_1_49' title='bbox 379 1067 444 1132; x_wconf 81' lang='lat' dir='ltr'>fere</span> <span class='ocrx_word' id='word_1_50' title='bbox 476 1042 615 1151; x_wconf 78' lang='lat' dir='ltr'>spatium</span> <span class='ocrx_word' id='word_1_51' title='bbox 652 1065 849 1150; x_wconf 72' lang='lat' dir='ltr'>confecerat,</span> <span class='ocrx_word' id='word_1_52' title='bbox 876 1087 947 1130; x_wconf 88' lang='lat' dir='ltr'>oum</span> <span class='ocrx_word' id='word_1_53' title='bbox 972 1087 1012 1129; x_wconf 79' lang='lat' dir='ltr'>ex</span> <span class='ocrx_word' id='word_1_54' title='bbox 1036 1064 1124 1128; x_wconf 79' lang='lat' dir='ltr'>himo</span> 
     </span>
     <span class='ocr_line' id='line_1_9' title="bbox 128 1175 1126 1262; baseline -0.008 -14"><span class='ocrx_word' id='word_1_55' title='bbox 128 1185 304 1248; x_wconf 89' lang='lat' dir='ltr'>castrorum</span> <span class='ocrx_word' id='word_1_56' title='bbox 326 1180 392 1244; x_wconf 86' lang='lat' dir='ltr'>eius</span> <span class='ocrx_word' id='word_1_57' title='bbox 413 1179 549 1262; x_wconf 91' lang='lat' dir='ltr'>suspicio</span> <span class='ocrx_word' id='word_1_58' title='bbox 570 1177 669 1242; x_wconf 90' lang='lat' dir='ltr'>allata</span> <span class='ocrx_word' id='word_1_59' title='bbox 690 1181 738 1242; x_wconf 90' lang='lat' dir='ltr'>est</span> <span class='ocrx_word' id='word_1_60' title='bbox 757 1177 798 1241; x_wconf 90' lang='lat' dir='ltr'>ad</span> <span class='ocrx_word' id='word_1_61' title='bbox 810 1175 987 1241; x_wconf 83' lang='lat' dir='ltr'>Eumenem</span> <span class='ocrx_word' id='word_1_62' title='bbox 1000 1176 1126 1241; x_wconf 79' lang='lat' dir='ltr'>hostem</span> 
     </span>
     <span class='ocr_line' id='line_1_10' title="bbox 129 1288 1127 1379; baseline -0.009 -20"><span class='ocrx_word' id='word_1_63' title='bbox 129 1293 395 1379; x_wconf 87' lang='lat' dir='ltr'>appropinquare.</span> <span class='ocrx_word' id='word_1_64' title='bbox 442 1290 641 1356; x_wconf 84' lang='lat' dir='ltr'>conveniunt</span> <span class='ocrx_word' id='word_1_65' title='bbox 683 1289 795 1353; x_wconf 86' lang='lat' dir='ltr'>ducos:</span> <span class='ocrx_word' id='word_1_66' title='bbox 832 1288 1011 1372; x_wconf 86' lang='lat' dir='ltr'>quaeritur,</span> <span class='ocrx_word' id='word_1_67' title='bbox 1048 1288 1127 1372; x_wconf 93' lang='lat' dir='ltr'>quid</span> 
     </span>
     <span class='ocr_line' id='line_1_11' title="bbox 131 1399 1127 1491; baseline -0.007 -21"><span class='ocrx_word' id='word_1_68' title='bbox 131 1428 210 1491; x_wconf 90' lang='lat' dir='ltr'>opus</span> <span class='ocrx_word' id='word_1_69' title='bbox 253 1404 296 1468; x_wconf 91' lang='lat' dir='ltr'>sit</span> <span class='ocrx_word' id='word_1_70' title='bbox 336 1403 432 1467; x_wconf 86' lang='lat' dir='ltr'>facto.</span> <span class='ocrx_word' id='word_1_71' title='bbox 470 1401 699 1485; x_wconf 74' lang='lat' dir='ltr'>intelligebant</span> <span class='ocrx_word' id='word_1_72' title='bbox 733 1420 843 1464; x_wconf 87' lang='lat' dir='ltr'>omnes</span> <span class='ocrx_word' id='word_1_73' title='bbox 878 1403 946 1463; x_wconf 91' lang='lat' dir='ltr'>tam</span> <span class='ocrx_word' id='word_1_74' title='bbox 982 1399 1127 1464; x_wconf 77' lang='lat' dir='ltr'>celeriter</span> 
     </span>
     <span class='ocr_line' id='line_1_12' title="bbox 124 1510 1127 1600; baseline -0.007 -19"><span class='ocrx_word' id='word_1_75' title='bbox 124 1517 240 1600; x_wconf 82' lang='lat' dir='ltr'>copias</span> <span class='ocrx_word' id='word_1_76' title='bbox 260 1515 403 1598; x_wconf 89' lang='lat' dir='ltr'>ipsorum</span> <span class='ocrx_word' id='word_1_77' title='bbox 430 1512 578 1578; x_wconf 82' lang='lat' dir='ltr'>contrahi</span> <span class='ocrx_word' id='word_1_78' title='bbox 602 1534 669 1577; x_wconf 92' lang='lat' dir='ltr'>non</span> <span class='ocrx_word' id='word_1_79' title='bbox 693 1533 802 1596; x_wconf 87' lang='lat' dir='ltr'>posse,</span> <span class='ocrx_word' id='word_1_80' title='bbox 823 1533 920 1595; x_wconf 88' lang='lat' dir='ltr'>quam</span> <span class='ocrx_word' id='word_1_81' title='bbox 939 1510 1127 1595; x_wconf 83' lang='lat' dir='ltr'>Antigonus</span> 
     </span>
     <span class='ocr_line' id='line_1_13' title="bbox 104 1622 1128 1694; baseline -0.008 0"><span class='ocrx_word' id='word_1_82' title='bbox 104 1625 300 1694; x_wconf 77' lang='lat' dir='ltr'>aadfuturus</span> <span class='ocrx_word' id='word_1_83' title='bbox 327 1627 503 1690; x_wconf 81' lang='lat' dir='ltr'>videbatur.</span> <span class='ocrx_word' id='word_1_84' title='bbox 542 1625 595 1689; x_wconf 90' lang='lat' dir='ltr'>hic</span> <span class='ocrx_word' id='word_1_85' title='bbox 622 1625 771 1688; x_wconf 89' lang='lat' dir='ltr'>omnibus</span> <span class='ocrx_word' id='word_1_86' title='bbox 793 1622 1009 1687; x_wconf 86' lang='lat' dir='ltr'>titubantibus</span> <span class='ocrx_word' id='word_1_87' title='bbox 1032 1625 1065 1686; x_wconf 90' lang='lat' dir='ltr'>et</span> <span class='ocrx_word' id='word_1_88' title='bbox 1089 1626 1128 1687; x_wconf 89' lang='lat' dir='ltr'>de</span> 
     </span>
     <span class='ocr_line' id='line_1_14' title="bbox 131 1733 1126 1821; baseline -0.004 -18"><span class='ocrx_word' id='word_1_89' title='bbox 131 1740 225 1803; x_wconf 91' lang='lat' dir='ltr'>rebus</span> <span class='ocrx_word' id='word_1_90' title='bbox 249 1738 313 1802; x_wconf 90' lang='lat' dir='ltr'>suis</span> <span class='ocrx_word' id='word_1_91' title='bbox 338 1737 598 1821; x_wconf 82' lang='lat' dir='ltr'>desperantibus,</span> <span class='ocrx_word' id='word_1_92' title='bbox 622 1735 782 1799; x_wconf 83' lang='lat' dir='ltr'>Eumenes</span> <span class='ocrx_word' id='word_1_93' title='bbox 802 1735 865 1814; x_wconf 89' lang='lat' dir='ltr'>ait,</span> <span class='ocrx_word' id='word_1_94' title='bbox 886 1733 913 1797; x_wconf 91' lang='lat' dir='ltr'>si</span> <span class='ocrx_word' id='word_1_95' title='bbox 930 1734 1126 1799; x_wconf 88' lang='lat' dir='ltr'>celeritatem</span> 
     </span>
     <span class='ocr_line' id='line_1_15' title="bbox 133 1846 1128 1931; baseline -0.001 -17"><span class='ocrx_word' id='word_1_96' title='bbox 133 1850 235 1914; x_wconf 85' lang='lat' dir='ltr'>velint</span> <span class='ocrx_word' id='word_1_97' title='bbox 270 1848 419 1913; x_wconf 90' lang='lat' dir='ltr'>adhibere</span> <span class='ocrx_word' id='word_1_98' title='bbox 453 1851 485 1912; x_wconf 88' lang='lat' dir='ltr'>et</span> <span class='ocrx_word' id='word_1_99' title='bbox 518 1849 675 1931; x_wconf 84' lang='lat' dir='ltr'>imperata</span> <span class='ocrx_word' id='word_1_100' title='bbox 704 1846 823 1926; x_wconf 88' lang='lat' dir='ltr'>facere,</span> <span class='ocrx_word' id='word_1_101' title='bbox 850 1848 935 1929; x_wconf 90' lang='lat' dir='ltr'>quod</span> <span class='ocrx_word' id='word_1_102' title='bbox 959 1850 1036 1912; x_wconf 89' lang='lat' dir='ltr'>ante</span> <span class='ocrx_word' id='word_1_103' title='bbox 1060 1870 1128 1913; x_wconf 88' lang='lat' dir='ltr'>non</span> 
     </span>
     <span class='ocr_line' id='line_1_16' title="bbox 134 1958 1128 2042; baseline -0.001 -17"><span class='ocrx_word' id='word_1_104' title='bbox 134 1961 286 2037; x_wconf 87' lang='lat' dir='ltr'>fecerint,</span> <span class='ocrx_word' id='word_1_105' title='bbox 320 1981 353 2024; x_wconf 88' lang='lat' dir='ltr'>sc</span> <span class='ocrx_word' id='word_1_106' title='bbox 386 1981 454 2023; x_wconf 86' lang='lat' dir='ltr'>rem</span> <span class='ocrx_word' id='word_1_107' title='bbox 489 1958 723 2042; x_wconf 87' lang='lat' dir='ltr'>expediturum.</span> <span class='ocrx_word' id='word_1_108' title='bbox 755 1980 831 2021; x_wconf 90' lang='lat' dir='ltr'>nam</span> <span class='ocrx_word' id='word_1_109' title='bbox 863 1959 947 2042; x_wconf 91' lang='lat' dir='ltr'>quod</span> <span class='ocrx_word' id='word_1_110' title='bbox 977 1960 1039 2024; x_wconf 86' lang='lat' dir='ltr'>iter</span> <span class='ocrx_word' id='word_1_111' title='bbox 1063 1961 1128 2024; x_wconf 90' lang='lat' dir='ltr'>die·</span> 
     </span>
     <span class='ocr_line' id='line_1_17' title="bbox 134 2069 1128 2155; baseline -0.001 -19"><span class='ocrx_word' id='word_1_112' title='bbox 134 2073 194 2136; x_wconf 90' lang='lat' dir='ltr'>bus</span> <span class='ocrx_word' id='word_1_113' title='bbox 219 2071 361 2155; x_wconf 89' lang='lat' dir='ltr'>quinque</span> <span class='ocrx_word' id='word_1_114' title='bbox 383 2069 485 2134; x_wconf 90' lang='lat' dir='ltr'>hostis</span> <span class='ocrx_word' id='word_1_115' title='bbox 505 2069 658 2133; x_wconf 85' lang='lat' dir='ltr'>transisse</span> <span class='ocrx_word' id='word_1_116' title='bbox 677 2073 806 2152; x_wconf 74' lang='lat' dir='ltr'>posset,</span> <span class='ocrx_word' id='word_1_117' title='bbox 819 2092 851 2134; x_wconf 90' lang='lat' dir='ltr'>se</span> <span class='ocrx_word' id='word_1_118' title='bbox 872 2071 1076 2150; x_wconf 78' lang='lat' dir='ltr'>effecturum,</span> <span class='ocrx_word' id='word_1_119' title='bbox 1091 2075 1128 2136; x_wconf 93' lang='lat' dir='ltr'>ut</span> 
     </span>
     <span class='ocr_line' id='line_1_18' title="bbox 83 2181 1128 2267; baseline 0 -19"><span class='ocrx_word' id='word_1_120' title='bbox 83 2202 86 2209; x_wconf 74' lang='grc'><em>’</em></span> <span class='ocrx_word' id='word_1_121' title='bbox 134 2206 201 2249; x_wconf 92' lang='lat' dir='ltr'>non</span> <span class='ocrx_word' id='word_1_122' title='bbox 224 2185 334 2267; x_wconf 77' lang='lat' dir='ltr'>minus¹</span> <span class='ocrx_word' id='word_1_123' title='bbox 354 2182 489 2247; x_wconf 90' lang='lat' dir='ltr'>totidem</span> <span class='ocrx_word' id='word_1_124' title='bbox 513 2183 635 2245; x_wconf 89' lang='lat' dir='ltr'>dierum</span> <span class='ocrx_word' id='word_1_125' title='bbox 659 2181 762 2265; x_wconf 86' lang='lat' dir='ltr'>spatio</span> <span class='ocrx_word' id='word_1_126' title='bbox 781 2182 1013 2247; x_wconf 86' lang='lat' dir='ltr'>retardaretur:</span> <span class='ocrx_word' id='word_1_127' title='bbox 1028 2206 1128 2267; x_wconf 87' lang='lat' dir='ltr'>quare</span> 
     </span>
     <span class='ocr_line' id='line_1_19' title="bbox 108 2292 1129 2377; baseline 0.001 -18"><span class='ocrx_word' id='word_1_128' title='bbox 108 2295 355 2371; x_wconf 82' lang='lat' dir='ltr'>aciroumirent‚</span> <span class='ocrx_word' id='word_1_129' title='bbox 394 2316 466 2357; x_wconf 85' lang='lat' dir='ltr'>suas</span> <span class='ocrx_word' id='word_1_130' title='bbox 510 2293 643 2376; x_wconf 90' lang='lat' dir='ltr'>quisque</span> <span class='ocrx_word' id='word_1_131' title='bbox 686 2292 890 2357; x_wconf 87' lang='lat' dir='ltr'>contraheret</span> <span class='ocrx_word' id='word_1_132' title='bbox 933 2295 1051 2377; x_wconf 89' lang='lat' dir='ltr'>copias.</span> <span class='ocrx_word' id='word_1_133' title='bbox 1087 2299 1129 2360; x_wconf 90' lang='lat' dir='ltr'>ad</span> 
     </span>
     <span class='ocr_line' id='line_1_20' title="bbox 134 2403 1129 2490; baseline 0.001 -20"><span class='ocrx_word' id='word_1_134' title='bbox 134 2405 295 2490; x_wconf 82' lang='lat' dir='ltr'>Antigoni</span> <span class='ocrx_word' id='word_1_135' title='bbox 318 2408 425 2471; x_wconf 88' lang='lat' dir='ltr'>autem</span> <span class='ocrx_word' id='word_1_136' title='bbox 443 2403 672 2468; x_wconf 87' lang='lat' dir='ltr'>refrenandum</span> <span class='ocrx_word' id='word_1_137' title='bbox 689 2404 845 2488; x_wconf 90' lang='lat' dir='ltr'>impetum</span> <span class='ocrx_word' id='word_1_138' title='bbox 865 2405 929 2469; x_wconf 85' lang='lat' dir='ltr'>tale</span> <span class='ocrx_word' id='word_1_139' title='bbox 949 2407 1037 2490; x_wconf 87' lang='lat' dir='ltr'>capit</span> <span class='ocrx_word' id='word_1_140' title='bbox 1050 2428 1129 2471; x_wconf 90' lang='lat' dir='ltr'>con-</span> 
     </span>
     <span class='ocr_line' id='line_1_21' title="bbox 135 2515 1131 2602; baseline 0.002 -22"><span class='ocrx_word' id='word_1_141' title='bbox 135 2518 249 2581; x_wconf 90' lang='lat' dir='ltr'>silium.</span> <span class='ocrx_word' id='word_1_142' title='bbox 284 2519 385 2581; x_wconf 86' lang='lat' dir='ltr'>certos</span> <span class='ocrx_word' id='word_1_143' title='bbox 409 2516 510 2579; x_wconf 91' lang='lat' dir='ltr'>mittit</span> <span class='ocrx_word' id='word_1_144' title='bbox 532 2515 678 2579; x_wconf 89' lang='lat' dir='ltr'>homines</span> <span class='ocrx_word' id='word_1_145' title='bbox 703 2518 744 2578; x_wconf 86' lang='lat' dir='ltr'>ad</span> <span class='ocrx_word' id='word_1_146' title='bbox 766 2516 893 2580; x_wconf 89' lang='lat' dir='ltr'>infimos</span> <span class='ocrx_word' id='word_1_147' title='bbox 916 2520 1059 2595; x_wconf 89' lang='lat' dir='ltr'>montes,</span> <span class='ocrx_word' id='word_1_148' title='bbox 1075 2519 1131 2602; x_wconf 91' lang='lat' dir='ltr'>qui</span> 
     </span>
     <span class='ocr_line' id='line_1_22' title="bbox 135 2626 1131 2712; baseline 0.003 -21"><span class='ocrx_word' id='word_1_149' title='bbox 135 2627 222 2692; x_wconf 86' lang='lat' dir='ltr'>obvii</span> <span class='ocrx_word' id='word_1_150' title='bbox 256 2630 349 2690; x_wconf 89' lang='lat' dir='ltr'>erant</span> <span class='ocrx_word' id='word_1_151' title='bbox 370 2628 479 2692; x_wconf 89' lang='lat' dir='ltr'>itineri</span> <span class='ocrx_word' id='word_1_152' title='bbox 507 2626 778 2704; x_wconf 85' lang='lat' dir='ltr'>adversariorum,</span> <span class='ocrx_word' id='word_1_153' title='bbox 797 2628 899 2712; x_wconf 88' lang='lat' dir='ltr'>iisque</span> <span class='ocrx_word' id='word_1_154' title='bbox 918 2630 1074 2712; x_wconf 86' lang='lat' dir='ltr'>praecipit</span> <span class='ocrx_word' id='word_1_155' title='bbox 1093 2634 1131 2695; x_wconf 91' lang='lat' dir='ltr'>ut</span> 
     </span>
     <span class='ocr_line' id='line_1_23' title="bbox 136 2737 1130 2825; baseline 0.002 -22"><span class='ocrx_word' id='word_1_156' title='bbox 136 2739 239 2825; x_wconf 89' lang='lat' dir='ltr'>prima</span> <span class='ocrx_word' id='word_1_157' title='bbox 275 2742 386 2817; x_wconf 85' lang='lat' dir='ltr'>nocte,</span> <span class='ocrx_word' id='word_1_158' title='bbox 423 2760 520 2822; x_wconf 90' lang='lat' dir='ltr'>quam</span> <span class='ocrx_word' id='word_1_159' title='bbox 551 2737 703 2802; x_wconf 89' lang='lat' dir='ltr'>latissimo</span> <span class='ocrx_word' id='word_1_160' title='bbox 726 2739 870 2822; x_wconf 87' lang='lat' dir='ltr'>possint,</span> <span class='ocrx_word' id='word_1_161' title='bbox 893 2739 984 2824; x_wconf 85' lang='lat' dir='ltr'>ignes</span> <span class='ocrx_word' id='word_1_162' title='bbox 1007 2739 1130 2806; x_wconf 88' lang='lat' dir='ltr'>faciant</span> 
     </span>
     <span class='ocr_line' id='line_1_24' title="bbox 137 2849 1130 2934; baseline 0.003 -20"><span class='ocrx_word' id='word_1_163' title='bbox 137 2872 234 2934; x_wconf 91' lang='lat' dir='ltr'>quam</span> <span class='ocrx_word' id='word_1_164' title='bbox 268 2849 422 2913; x_wconf 85' lang='lat' dir='ltr'>maximos</span> <span class='ocrx_word' id='word_1_165' title='bbox 459 2851 555 2934; x_wconf 86' lang='lat' dir='ltr'>atque</span> <span class='ocrx_word' id='word_1_166' title='bbox 579 2849 638 2914; x_wconf 90' lang='lat' dir='ltr'>hos</span> <span class='ocrx_word' id='word_1_167' title='bbox 662 2849 800 2914; x_wconf 87' lang='lat' dir='ltr'>secunda</span> <span class='ocrx_word' id='word_1_168' title='bbox 823 2850 934 2934; x_wconf 81' lang='lat' dir='ltr'>vigilia</span> <span class='ocrx_word' id='word_1_169' title='bbox 958 2852 1130 2931; x_wconf 84' lang='lat' dir='ltr'>minuant,</span> 
     </span>
     <span class='ocr_line' id='line_1_25' title="bbox 108 2962 1130 3047; baseline 0 -19"><span class='ocrx_word' id='word_1_170' title='bbox 108 2962 231 3028; x_wconf 74' lang='lat' dir='ltr'>atentia</span> <span class='ocrx_word' id='word_1_171' title='bbox 263 2963 452 3047; x_wconf 84' lang='lat' dir='ltr'>perexiguos</span> <span class='ocrx_word' id='word_1_172' title='bbox 489 2963 644 3040; x_wconf 86' lang='lat' dir='ltr'>reddant,</span> <span class='ocrx_word' id='word_1_173' title='bbox 678 2964 715 3025; x_wconf 92' lang='lat' dir='ltr'>ut</span> <span class='ocrx_word' id='word_1_174' title='bbox 744 2962 929 3026; x_wconf 88' lang='lat' dir='ltr'>assimulata</span> <span class='ocrx_word' id='word_1_175' title='bbox 952 2967 1130 3028; x_wconf 87' lang='lat' dir='ltr'>castrorum</span> 
     </span>
     <span class='ocr_line' id='line_1_26' title="bbox 138 3072 1130 3159; baseline 0 -19"><span class='ocrx_word' id='word_1_176' title='bbox 138 3074 366 3140; x_wconf 88' lang='lat' dir='ltr'>consuetudine</span> <span class='ocrx_word' id='word_1_177' title='bbox 395 3074 610 3159; x_wconf 89' lang='lat' dir='ltr'>suspicionem</span> <span class='ocrx_word' id='word_1_178' title='bbox 633 3073 782 3137; x_wconf 89' lang='lat' dir='ltr'>iniiciant</span> <span class='ocrx_word' id='word_1_179' title='bbox 803 3072 965 3152; x_wconf 87' lang='lat' dir='ltr'>hostibus,</span> <span class='ocrx_word' id='word_1_180' title='bbox 989 3074 1035 3154; x_wconf 22' lang='lat' dir='ltr'>iis·</span> <span class='ocrx_word' id='word_1_181' title='bbox 1053 3076 1130 3140; x_wconf 89' lang='lat' dir='ltr'>locis</span> 
     </span>
     <span class='ocr_line' id='line_1_27' title="bbox 137 3185 1130 3276; baseline -0.001 -25"><span class='ocrx_word' id='word_1_182' title='bbox 137 3208 203 3251; x_wconf 87' lang='lat' dir='ltr'>esse</span> <span class='ocrx_word' id='word_1_183' title='bbox 227 3188 331 3251; x_wconf 88' lang='lat' dir='ltr'>castra</span> <span class='ocrx_word' id='word_1_184' title='bbox 351 3207 387 3250; x_wconf 90' lang='lat' dir='ltr'>ac</span> <span class='ocrx_word' id='word_1_185' title='bbox 411 3188 450 3250; x_wconf 90' lang='lat' dir='ltr'>de</span> <span class='ocrx_word' id='word_1_186' title='bbox 472 3207 583 3250; x_wconf 88' lang='lat' dir='ltr'>eorum</span> <span class='ocrx_word' id='word_1_187' title='bbox 604 3185 744 3276; x_wconf 84' lang='lat' dir='ltr'>adventu</span> <span class='ocrx_word' id='word_1_188' title='bbox 763 3205 829 3248; x_wconf 89' lang='lat' dir='ltr'>esse</span> <span class='ocrx_word' id='word_1_189' title='bbox 848 3186 1130 3269; x_wconf 72' lang='lat' dir='ltr'>praenuntiatum</span> 
     </span>
     <span class='ocr_line' id='line_1_28' title="bbox 112 3295 1131 3382; baseline -0.001 -19"><span class='ocrx_word' id='word_1_190' title='bbox 112 3297 284 3381; x_wconf 72' lang='lat' dir='ltr'>eidemque</span> <span class='ocrx_word' id='word_1_191' title='bbox 318 3301 444 3382; x_wconf 89' lang='lat' dir='ltr'>postera</span> <span class='ocrx_word' id='word_1_192' title='bbox 479 3298 574 3362; x_wconf 87' lang='lat' dir='ltr'>nocte</span> <span class='ocrx_word' id='word_1_193' title='bbox 621 3295 753 3360; x_wconf 78' lang='lat' dir='ltr'>faciant.</span> <span class='ocrx_word' id='word_1_194' title='bbox 789 3295 904 3381; x_wconf 90' lang='lat' dir='ltr'>quibus</span> <span class='ocrx_word' id='word_1_195' title='bbox 938 3297 1131 3382; x_wconf 88' lang='lat' dir='ltr'>imperatum</span> 
     </span>
     <span class='ocr_line' id='line_1_29' title="bbox 140 3406 1131 3493; baseline 0.001 -21"><span class='ocrx_word' id='word_1_196' title='bbox 140 3411 224 3486; x_wconf 87' lang='lat' dir='ltr'>erat,</span> <span class='ocrx_word' id='word_1_197' title='bbox 256 3408 427 3493; x_wconf 86' lang='lat' dir='ltr'>diligenter</span> <span class='ocrx_word' id='word_1_198' title='bbox 449 3410 655 3493; x_wconf 87' lang='lat' dir='ltr'>praeceptum</span> <span class='ocrx_word' id='word_1_199' title='bbox 678 3409 803 3474; x_wconf 87' lang='lat' dir='ltr'>curant.</span> <span class='ocrx_word' id='word_1_200' title='bbox 829 3406 1016 3492; x_wconf 86' lang='lat' dir='ltr'>Antigonus</span> <span class='ocrx_word' id='word_1_201' title='bbox 1040 3413 1131 3473; x_wconf 87' lang='lat' dir='ltr'>tene-</span> 
     </span>
     <span class='ocr_line' id='line_1_30' title="bbox 138 3517 1130 3605; baseline 0.001 -22"><span class='ocrx_word' id='word_1_202' title='bbox 138 3519 204 3584; x_wconf 89' lang='lat' dir='ltr'>bris</span> <span class='ocrx_word' id='word_1_203' title='bbox 226 3517 348 3584; x_wconf 87' lang='lat' dir='ltr'>obortis</span> <span class='ocrx_word' id='word_1_204' title='bbox 371 3520 462 3605; x_wconf 88' lang='lat' dir='ltr'>ignes</span> <span class='ocrx_word' id='word_1_205' title='bbox 485 3519 704 3604; x_wconf 87' lang='lat' dir='ltr'>conspicatur:</span> <span class='ocrx_word' id='word_1_206' title='bbox 730 3519 831 3584; x_wconf 87' lang='lat' dir='ltr'>eredit</span> <span class='ocrx_word' id='word_1_207' title='bbox 854 3521 893 3583; x_wconf 90' lang='lat' dir='ltr'>de</span> <span class='ocrx_word' id='word_1_208' title='bbox 912 3541 969 3584; x_wconf 91' lang='lat' dir='ltr'>suo</span> <span class='ocrx_word' id='word_1_209' title='bbox 987 3520 1130 3584; x_wconf 85' lang='lat' dir='ltr'>adventu</span> 
     </span>
     <span class='ocr_line' id='line_1_31' title="bbox 138 3630 1131 3697; baseline 0 -1"><span class='ocrx_word' id='word_1_210' title='bbox 138 3653 206 3696; x_wconf 82' lang='lat' dir='ltr'>esse</span> <span class='ocrx_word' id='word_1_211' title='bbox 239 3630 385 3696; x_wconf 89' lang='lat' dir='ltr'>auditum</span> <span class='ocrx_word' id='word_1_212' title='bbox 421 3635 454 3697; x_wconf 88' lang='lat' dir='ltr'>et</span> <span class='ocrx_word' id='word_1_213' title='bbox 488 3630 684 3697; x_wconf 79' lang='lat' dir='ltr'>adversarios</span> <span class='ocrx_word' id='word_1_214' title='bbox 715 3631 792 3697; x_wconf 83' lang='lat' dir='ltr'>illua</span> <span class='ocrx_word' id='word_1_215' title='bbox 827 3654 900 3697; x_wconf 87' lang='lat' dir='ltr'>suas</span> <span class='ocrx_word' id='word_1_216' title='bbox 935 3632 1131 3697; x_wconf 70' lang='lat' dir='ltr'>contraxisse</span> 
     </span>
    </p>
   </div>
   <div class='ocr_carea' id='block_1_4' title="bbox 0 0 1244 4026">
    <p class='ocr_par' dir='ltr' id='par_1_4' title="bbox 0 0 1244 4026">
     <span class='ocr_line' id='line_1_32' title="bbox 0 0 1244 4026; baseline 0 0"><span class='ocrx_word' id='word_1_217' title='bbox 0 0 1244 4026; x_wconf 95' lang='lat' dir='ltr'> </span> 
     </span>
    </p>
   </div>
  </div>
 </body>
</html>
