2460 4026
146 194 189 257 54
423 210 690 255 x1.11³urcaauns.
717 192 815 257 1-3.

145 399 235 450 autea
265 386 400 472 hoplitae
432 383 706 468 appellabantur),
740 407 761 447 u
804 385 850 447 ad
874 388 979 449 motus
1004 406 1143 450 concur-

145 519 259 581 susque
302 477 407 561 essent
450 495 598 580 leviores,
636 495 746 558 hastae
781 498 912 559 modum
948 496 1143 580 duplicavit,

144 609 267 693 gladios
300 608 461 692 longiores
492 606 577 671 fecit.
601 606 686 670 idem
710 627 812 690 genus
834 607 1005 672 loricarum
1028 631 1144 673 accam

144 723 280 786 instituit
310 722 343 784 et
372 739 429 802 pro
460 720 550 784 sertis
582 722 676 803 atque
704 719 791 783 aenis
815 719 931 783 linteas
954 719 1051 784 dedit.
1077 742 1143 804 quo

145 831 230 895 facto
261 831 469 914 expeditiores
501 831 616 895 milites
639 830 795 895 reddidit:
820 853 897 895 nam
920 830 1061 915 pondere
1086 832 1143 896 de-

143 945 265 1018 tracto,
291 943 376 1026 quod
402 964 500 1027 aeque
524 964 638 1026 corpus
663 945 785 1026 tegeret
808 942 939 1007 curavit.

115 1054 134 1117 2
188 1052 314 1118 Bellum
347 1076 420 1119 cum
451 1055 627 1119 Thracibus
658 1054 774 1139 gessit3
817 1053 985 1131 Seuthem,
1018 1055 1143 1119 socium

145 1163 411 1244 Atheniensium,
443 1167 479 1230 in
506 1188 641 1252 regnum
665 1165 813 1231 restituit.
839 1165 923 1250 apud
947 1162 1142 1230 Corinthum

144 1279 237 1340 tanta
260 1278 428 1342 severitate
453 1278 605 1342 exercitui
624 1277 780 1361 praefuit,
804 1281 841 1340 ut
861 1275 968 1341 nullae
987 1299 1143 1361 umquam

145 1387 180 1450 in
211 1387 344 1452 Graecia
376 1411 478 1473 neque
503 1389 738 1453 exercitatiores
772 1389 880 1472 copiae
911 1410 1013 1472 neque
1036 1390 1144 1474 magis

118 1500 230 1564 edicto
264 1500 429 1564 audientes
460 1501 581 1565 fuerint
613 1500 702 1565 duci:
727 1501 761 1565 in
785 1523 916 1585 eamque
940 1504 1144 1566 consuetudi-

146 1635 219 1676 nem
251 1612 402 1694 adduxit‚
435 1617 488 1690 ut,
522 1635 594 1677 cum
628 1612 740 1696 proelii
771 1613 900 1697 signum
930 1612 971 1676 ab
1001 1613 1143 1695 impera-

145 1728 214 1789 tore
252 1728 334 1789 esset
369 1725 497 1808 datum,
535 1725 603 1789 sine
639 1725 727 1789 ducis
764 1746 860 1808 opera
896 1725 941 1789 sic
976 1725 1145 1790 ordinatae

146 1837 374 1913 consisterent,
398 1838 436 1899 ut
459 1835 579 1920 singuli
603 1859 621 1899 a
645 1836 836 1920 peritissimo
861 1836 1053 1920 imperatore
1077 1838 1144 1901 dis-

121 1963 135 2009 3
147 1949 244 2032 positi
279 1949 471 2012 viderentur.
506 1948 567 2012 hoc
603 1949 743 2013 exercitu
776 1970 896 2013 moram
929 1948 1143 2013 Lacedaemo-

146 2062 272 2125 niorum
302 2060 479 2138 interfecit,
512 2061 598 2144 quod
622 2060 759 2124 maxime
783 2064 852 2124 tota
875 2061 1069 2125 celebratum
1094 2065 1143 2125 est

146 2170 288 2238 Graecia.
329 2173 446 2237 iterum
481 2176 590 2237 eodem
625 2172 709 2245 bello
744 2193 854 2236 omnes
889 2173 996 2257 copias
1031 2193 1143 2237 eorum

117 2286 287 2372 tingant,
330 2306 393 2369 quo
434 2285 520 2350 facto
557 2306 708 2369 magnam
744 2287 876 2368 adeptus
911 2288 960 2349 est
994 2284 1143 2369 gloriam.

146 2421 218 2462 cum
242 2398 437 2461 Artaxerxes
460 2395 621 2480 Aegyptio
645 2395 715 2481 regi
738 2396 858 2460 bellum
882 2394 999 2459 inferre
1019 2395 1143 2474 voluit,

146 2509 339 2592 Iphicratem
382 2508 423 2571 ab
466 2506 717 2571 Atheniensibus
752 2508 865 2571 ducem
899 2507 1007 2591 petiit,
1045 2529 1142 2591 quem

145 2619 331 2704 praeficeret
354 2620 506 2684 exercitui
530 2618 743 2703 conductici0,
770 2619 860 2684 cuius
883 2640 1036 2682 numerus
1060 2620 1142 2684 duo·

146 2730 248 2794 decim
284 2729 420 2793 millium
455 2730 527 2797 fuit.
564 2751 658 2813 quem
693 2730 821 2813 quidem
856 2730 900 2793 sic
930 2730 1020 2793 omni
1049 2730 1143 2795 disci.

147 2842 235 2925 plina
278 2842 409 2905 militari
452 2842 605 2919 erudivit,
642 2844 694 2918 ut,
732 2841 999 2926 quemadmodum
1035 2863 1140 2924 quon-

146 2955 218 3018 dam
251 2953 387 3017 Fabiani
418 2954 534 3019 milites
567 2955 705 3038 Romae,
732 2955 776 3018 sic
799 2952 1033 3037 Iphicratenses
1057 2954 1144 3037 apud

119 3067 285 3132 sGraecos
326 3066 361 3130 in
404 3088 528 3130 summa
571 3067 664 3131 laude
705 3066 835 3130 fuerint.
880 3065 964 3128 idem
1001 3064 1144 3131 subsidio

147 3178 404 3245 Lacedaemoniis
434 3177 595 3261 profectus
618 3176 861 3262 Epaminondae
883 3174 1059 3238 retardavit
1081 3175 1143 3238 im-

146 3294 247 3375 petus.
280 3314 357 3355 nam
387 3289 450 3354 nisi
478 3289 545 3354 eius
569 3291 724 3354 adventus
748 3287 1051 3372 appropinquasset,
1075 3307 1144 3350 non

147 3401 233 3485 prius
277 3401 422 3465 Thebani
458 3399 572 3484 Sparta
608 3399 848 3476 abscessissent,
884 3420 979 3481 quam
1015 3401 1144 3483 captam

146 3512 295 3576 incendio
319 3513 485 3577 delessent

116 3624 137 3688 3
189 3624 266 3688 Fuit
296 3627 404 3688 autem
429 3628 460 3688 et
483 3623 590 3688 animo
614 3643 732 3708 magno
757 3625 790 3686 et
812 3642 943 3705 corpore
964 3620 1139 3703 imperato-
