2460 4026
201 176 242 241 78
503 194 571 237 xvi.
597 192 779 238 1111111111.
807 175 836 236 1.

200 369 368 434 Cadmeam
401 388 473 430 oum
504 366 762 431 Lacedaemoniis
786 367 926 450 pugnari
949 370 1104 450 eoeptum
1131 372 1194 451 est,

199 481 236 544 in
258 479 369 564 primis
393 479 494 543 stetit.

165 609 181 654 4
244 591 348 656 Huius
378 592 417 653 de
451 590 622 654 virtutibus
653 591 782 674 vitaque
813 590 890 654 satis
919 591 979 655 erit
999 591 1146 668 dietum,
1169 591 1195 655 11

198 704 258 769 hoo
288 726 388 768 unum
413 703 606 786 adiunxero,
631 706 716 787 quod
737 723 831 766 nemo
855 702 917 765 ibit
938 702 1077 779 infitias,
1108 701 1193 766 The-

196 815 253 879 bas
284 817 316 878 et
350 818 424 879 ante
454 814 712 899 Epaminondam
741 817 854 877 natum
886 817 919 877 et
944 816 1018 899 post
1050 813 1194 878 eiusdem

66 916 67 920 ¹
196 926 362 1018 interitum
397 929 549 1010 perpetuo
585 926 689 990 alieno
721 926 862 1010 paruisse
892 925 1044 1008 imperio,
1079 930 1194 990 contra

198 1059 251 1114 ea,
272 1059 368 1121 quam
388 1038 442 1101 diu
462 1038 516 1101 ille
533 1038 707 1122 praefuerit
726 1038 772 1102 rei
791 1037 955 1121 publicae,
976 1039 1076 1120 eaput
1093 1037 1193 1101 fuisse

196 1149 296 1213 totius
332 1146 492 1215 Graeciae.
525 1172 563 1213 ex
595 1172 657 1234 quo
688 1149 827 1233 intelligi
857 1150 964 1233 potest
992 1171 1098 1212 unum
1133 1149 1192 1213 ho-

194 1263 313 1326 minem
337 1262 440 1346 pluris
465 1284 561 1346 quam
586 1263 747 1326 civitatem
772 1264 874 1325 totam
901 1260 1007 1325 fuisse.

560 1472 732 1480 -υ

46 1546 76 1565 m.
95 1542 103 1551 ¹·
119 1542 161 1579 ἃ,

467 1643 565 1716 XVI.
591 1642 867 1718 PELOPIDAS.

108 1858 110 1863 ·
172 1823 187 1884 1
237 1821 405 1905 Pelopidas
436 1822 626 1900 Thebanus,
658 1824 760 1906 magis
783 1823 942 1888 historicis
966 1845 1063 1907 quam
1087 1826 1188 1910 vulgo

191 1935 298 1996 notus.
341 1933 428 1997 ouius
471 1938 508 1997 de
553 1936 724 1999 virtutibus
768 1936 879 1999 dubito
915 1937 1186 2019 quemadmodum

191 2063 369 2127 exponam,
405 2046 490 2128 quod
525 2044 652 2122 vereor,
685 2045 710 2108 si
740 2068 789 2109 res
818 2045 979 2129 explicare
1010 2047 1183 2131 incipiam,

189 2177 231 2219 ne
267 2178 334 2220 non
368 2156 469 2220 vitam
499 2156 565 2220 eius
596 2178 760 2235 enarrare,
794 2158 847 2222 sed
878 2157 1046 2222 historiam
1074 2160 1185 2224 videar
1217 2212 1223 2222 .

191 2268 346 2332 seribere:
377 2268 403 2332 si
435 2270 659 2368 tantummodo
683 2291 821 2333 summas
846 2269 1001 2352 attigero,
1025 2291 1067 2333 ne
1093 2272 1183 2336 rudi·

187 2379 247 2442 bus
279 2378 472 2443 Graecarum
503 2381 682 2444 litterarum
713 2381 819 2444 minus
848 2379 985 2444 diluoide
1008 2385 1182 2464 appareat,

189 2492 328 2573 quantus
359 2490 456 2553 fuerit
485 2490 540 2554 ille
563 2491 620 2554 vir.
644 2491 752 2575 itaque
776 2491 902 2575 utrique
926 2492 972 2556 rei
995 2513 1181 2578 occurram,

187 2603 344 2684 quantum
368 2604 497 2684 potero,
523 2607 556 2666 et
576 2602 726 2666 medebor
745 2625 817 2667 oum
837 2603 977 2666 satietati
995 2607 1065 2668 tum
1083 2604 1181 2689 igno-

188 2713 313 2776 rantiae
335 2714 501 2778 leotorum.

152 2838 167 2884 a
229 2823 408 2889 Phoebidas
443 2825 731 2908 Lacedaemonius,
768 2848 839 2890 oum
874 2827 1046 2890 exereitum
1076 2825 1179 2912 Olyn-

185 2935 278 3001 thum
303 2937 432 3001 duoeret
454 2938 577 3023 iterque
602 2959 659 3021 per
683 2936 808 3003 Thebas
832 2938 969 3015 laceret,
995 2960 1180 3024 111111111-

184 3048 269 3131 pidi,
305 3071 386 3132 quae
422 3048 560 3115 Cadmea
597 3051 798 3128 nominatur,
835 3050 1004 3133 occupavit
1037 3050 1180 3134 impulsu

184 3181 357 3242 paucorum
388 3161 628 3236 Thebanorum,
656 3161 712 3246 qui
736 3161 935 3226 adversariae
956 3161 1089 3225 factioni
1113 3184 1177 3246 quo

184 3269 307 3336 facilius
333 3273 533 3351 resisterent,
558 3273 723 3338 Laeonum
746 3274 839 3337 rebus
864 3273 1055 3351 studebant,
1079 3273 1177 3357 idque

152 3396 240 3445 3111
276 3384 420 3468 privato,
453 3405 520 3448 non
551 3385 680 3468 pubhoo
712 3383 789 3448 fecit
820 3385 963 3449 oonsilio.
997 3407 1059 3469 quo
1090 3385 1177 3450 faeto

183 3514 255 3556 eum
286 3490 530 3561 Lacedaemonii
559 3495 599 3560 ab
632 3495 772 3560 exercitu
795 3501 1000 3561 removerunt
1022 3497 1176 3581 pecunia-

183 3623 244 3686 que
269 3601 465 3672 multarunt:
493 3629 595 3693 neque
621 3629 658 3672 eo
678 3608 782 3692 magis
802 3630 907 3673 aroem
927 3608 1088 3672 Thebanis
1107 3610 1174 3672 red·
