2460 4026
166 218 229 282 118
437 235 535 280 xxm.
560 230 734 277 nnuurnnn.
761 212 882 278 8-10.

164 411 313 475 adversus
339 410 537 474 Rhodiorum
562 408 694 472 classem
716 406 752 470 in
768 405 959 490 Pamphylio
980 408 1061 472 mari
1080 429 1157 474 oon-

164 521 257 586 flixit.
283 542 347 605 quc
378 543 450 586 cum
483 519 690 584 multitudine
714 518 966 582 adversariorum
991 518 1040 583 sui
1063 542 1157 605 supe-

163 637 329 710 rarentur,
362 633 449 716 ipse,
474 652 537 714 quo
562 651 663 694 cornu
685 650 753 693 rem
777 629 892 712 gessit,
917 627 979 693 fuit
1002 632 1156 714 superior.

144 748 164 810 9
211 744 375 823 Antiocho
409 743 542 828 fugato,
567 764 679 806 verens
703 762 744 805 ne
769 741 953 826 dederetur,
980 745 1067 825 quod
1092 743 1158 807 sine

38 881 41 884 ·
165 857 262 920 dubio
299 855 481 933 accidisset,
514 855 541 919 si
572 853 622 917 sui
643 852 769 916 fecisset
791 855 1003 936 potestatem,
1029 852 1158 919 Cretam

165 969 206 1032 ad
241 967 415 1052 Gortynios
448 967 552 1052 venit,
586 968 623 1028 ut
645 965 706 1042 ibi,
732 986 795 1049 quo
820 987 852 1029 se
875 965 1054 1044 conferret,
1079 988 1157 1032 oon-

136 1080 326 1145 asideraret.
361 1080 443 1145 vidit
477 1082 584 1144 autem
619 1078 668 1141 vir
703 1078 846 1142 omnium
877 1076 1101 1142 callidissimus
1123 1078 1158 1141 in

165 1213 285 1276 magno
306 1214 338 1256 se
357 1190 425 1255 fore
444 1191 604 1275 periculo,
625 1189 687 1254 nisi
705 1189 783 1273 quid
799 1189 1008 1274 providisset,
1023 1191 1155 1273 propior

166 1303 332 1368 avaritiam
368 1301 583 1366 Cretensium:
619 1321 772 1384 magnam
808 1302 894 1364 enim
930 1323 1036 1366 secum
1060 1322 1156 1385 pecu-

136 1414 253 1478 sniam
289 1413 455 1497 portabat,
481 1416 520 1477 de
543 1434 606 1495 qua
630 1411 751 1476 sciebat
775 1411 873 1477 exisse
895 1413 1027 1480 famam.
1050 1414 1158 1498 itaque

164 1525 251 1608 capit
285 1523 349 1587 tale
384 1525 563 1589 consilium.
606 1524 776 1608 amphoras
809 1525 987 1609 complures
1017 1525 1158 1610 complet

164 1636 314 1720 plumbo,
351 1659 491 1701 summas
522 1637 625 1722 operit
656 1657 734 1700 auro
758 1638 791 1699 et
814 1640 958 1720 argento.
983 1637 1041 1702 has
1065 1658 1158 1721 prae-

164 1748 308 1813 sentibus
343 1732 543 1833 principibus
577 1749 710 1834 deponit
738 1749 926 1835 intemplo
949 1746 1091 1826 Dianae,
1114 1747 1158 1810 si-

164 1859 291 1923 mulans
315 1881 348 1923 se
373 1882 445 1924 suas
468 1859 615 1924 fortunas
636 1862 766 1927 illorum
789 1863 864 1927 fidei
886 1861 1022 1926 credere.
1048 1858 1099 1923 his
1122 1860 1158 1923 in

165 1991 303 2034 errorem
327 1971 487 2048 inductis,
513 1974 634 2036 statuas
658 1979 786 2051 adneas,
812 1997 892 2058 quas
915 1995 1021 2038 secum
1045 1974 1158 2056 porta·

164 2083 237 2160 bat,
270 2082 359 2146 omni
390 2104 447 2146 sua
469 2084 606 2166 pecunia
628 2086 768 2168 complet
791 2108 906 2169 easque
928 2085 963 2149 in
985 2082 1158 2167 propatulo

136 2195 252 2259 4dou1i
286 2195 404 2260 abiicit.
443 2193 593 2280 Gortynii
627 2197 781 2281 templum
805 2219 925 2282 magna
948 2217 1024 2260 cura
1050 2198 1156 2259 custo-

165 2287 276 2385 diunt,
312 2329 379 2372 non
414 2310 482 2370 tam
514 2329 533 2370 a
565 2309 676 2372 ceteris
707 2331 803 2393 quam
823 2309 864 2373 ab
888 2306 1090 2385 Hannibale,
1116 2329 1158 2372 ne

163 2418 218 2482 ille
240 2417 450 2482 inscientibus
472 2418 512 2481 iis
532 2418 660 2484 tolleret
682 2442 851 2505 secumque
874 2420 1010 2485 duceret.

121 2531 163 2592 10
234 2529 286 2594 Sic
318 2530 513 2594 conservatis
549 2531 614 2594 suis
648 2532 744 2596 rebus
778 2532 923 2609 Poenus,
952 2530 1056 2594 illusis
1081 2527 1158 2595 Ore·

166 2639 309 2704 tensibus
340 2640 506 2719 omnibus,
536 2642 577 2704 ad
607 2641 753 2706 Prusiam
776 2643 812 2706 in
836 2642 978 2707 Pontum
1000 2641 1158 2724 pervenit.

165 2752 251 2836 apud
285 2773 379 2835 quem
416 2752 525 2816 eodem
557 2753 664 2817 animo
695 2753 759 2818 fuit
782 2775 858 2838 erga
882 2752 1029 2855 Italiam,
1055 2774 1160 2836 neque

166 2862 253 2926 aliud
277 2862 452 2947 quidquam
475 2864 543 2947 egit
564 2886 661 2948 quam
680 2885 789 2950 regem
813 2860 951 2929 armavit
975 2866 1009 2928 et
1031 2864 1160 2928 exacuit

136 2976 314 3041 sedversus
360 2974 533 3039 Romanos.
574 2997 669 3060 quem
710 2998 783 3040 cum
818 2975 940 3040 rideret
976 2974 1158 3040 domesticis

164 3088 279 3172 opibus
298 3087 404 3151 minus
424 3109 489 3152 esse
512 3087 694 3172 robustum,
709 3087 902 3151 conciliabat
913 3089 1034 3152 ceteros
1046 3107 1158 3171 reges,

165 3200 362 3284 adiungebat
392 3199 557 3264 bellicosas
580 3200 737 3264 nationes.
762 3198 936 3263 dissidebat
959 3199 999 3263 ab
1021 3219 1058 3262 eo
1078 3197 1157 3262 Per-

166 3329 320 3394 gamenus
355 3333 411 3376 rex
445 3310 622 3389 Eumenem
653 3311 808 3375 Romanis
842 3310 1067 3375 amicissimus:
1093 3329 1158 3393 quo

136 3421 267 3504 arnagis
302 3422 450 3505 cupiebat
485 3444 557 3487 eum
593 3421 760 3486 Hannibal
795 3420 942 3506 opprimi.
974 3420 1159 3504 bellumque

163 3531 249 3596 inter
281 3553 334 3595 eos
365 3533 536 3617 gerebatur
568 3535 601 3596 et
624 3533 705 3597 mari
727 3537 882 3618 attona,
909 3534 963 3598 sed
987 3532 1158 3617 utrobique

158 3641 322 3709 Eumenes
365 3644 440 3728 plus
474 3645 602 3709 valebat
636 3648 768 3729 propter
803 3644 1024 3709 Romanorum
1057 3643 1156 3707 socie-
