2460 4026
434 221 530 266 rvm.
554 223 711 268 nunninus.
737 205 768 268 8.
1050 210 1093 276 95

148 395 212 460 Hic
247 394 284 457 in
317 394 498 459 Paraetacis
532 417 605 459 cum
636 394 805 480 Antigono
835 398 997 478 conflixit,
1028 404 1129 470 non8

103 507 170 572 acie
192 507 367 583 instructa,
393 509 447 571 sed
465 507 501 570 in
519 506 651 585 itinere,
673 529 807 592 eumque
827 510 911 574 male
929 518 1095 597 acceptum

102 619 139 682 in
173 617 313 682 Mediam
345 617 521 682 hiematum
546 619 653 702 cob‘git
674 619 786 683 redire.
810 619 878 704 ipse
901 621 937 685 in
958 623 1098 691 finitima

102 729 234 814 regione
267 728 404 793 Persidis
439 728 615 793 hiematum
659 730 766 814 copias
797 730 923 816 divisit,
960 755 1026 799 non
1059 739 1097 800 ut

102 840 223 919 voluit,
260 842 314 904 sed
349 843 388 904 ut
420 839 561 904 militnm
596 841 730 925 cogebat
763 841 923 907 voluntas.
960 865 1125 932 namquess

102 951 159 1016 illa
192 951 336 1035 phalanx
371 950 550 1016 Alexandri
585 951 717 1049 Magni,
750 973 830 1036 quae
864 952 974 1020 Asiam
1005 981 1098 1043 pera-

103 1066 213 1147 grarat
254 1063 475 1146 deviceratque
509 1062 640 1140 Persas,
674 1064 852 1127 inveterata
889 1087 960 1130 cum
996 1069 1098 1153 gloria
1128 1102 1133 1119 ι

101 1178 172 1238 tum
192 1175 288 1238 etiam
309 1174 457 1252 licentia,
478 1195 545 1238 non
565 1195 676 1258 parere
694 1175 846 1253 ducibus,
870 1177 924 1240 sod
943 1177 1099 1263 imperare

102 1286 306 1381 postulabat,
342 1289 380 1350 ut
413 1307 502 1350 nunc
538 1285 682 1349 veterani
704 1285 829 1350 faciunt
852 1289 965 1352 nostri.
989 1291 1098 1376 itaque

102 1398 277 1482 periculum
312 1400 361 1462 est
392 1418 432 1461 ne
453 1397 591 1475 faciant,
616 1397 701 1481 quod
724 1396 772 1461 illi
796 1397 958 1476 fecerunt,
982 1403 1020 1465 ut
1040 1423 1099 1467 sua

100 1509 351 1594 intemperantia
385 1508 550 1592 nimiaque·
581 1507 713 1571 licentia
743 1509 851 1572 omnia
880 1510 1018 1592 perdant
1041 1534 1098 1577 ne-

103 1641 165 1704 qua
187 1620 294 1682 minus
318 1641 389 1696 eoo,
415 1640 487 1683 cum
508 1618 623 1702 quibus
643 1617 812 1696 steterint,
830 1640 927 1702 quam
947 1625 1097 1688 adversus

102 1751 181 1816 quos
211 1730 356 1796 fecerint.
382 1729 495 1815 quodsi
519 1729 590 1813 quis
613 1729 741 1793 illorum
764 1732 987 1795 veteranorum
1010 1732 1125 1819 legata
1153 1804 1156 1810 ,

101 1841 205 1919 facta,
241 1841 332 1926 paria
353 1841 468 1906 horum
494 1845 668 1925 cognoscat
691 1862 795 1924 neque
818 1862 885 1905 rem
909 1842 1010 1907 ullam
1034 1845 1098 1910 nisi

102 1955 227 2037 tempus
272 1952 424 2017 interesse
470 1952 599 2016 iudicet.
644 1954 698 2016 scd
745 1954 786 2015 ad
829 1951 901 2019 illos
944 1958 1095 2024 revertor.

101 2061 237 2127 hiberna
254 2042 450 2129 ⁴sumserant
474 2086 541 2128 non
564 2064 605 2127 ad
631 2086 721 2127 usum
745 2063 841 2139 belli,
866 2068 921 2128 sed
944 2070 985 2130 ad
1008 2069 1095 2152 ipso-

102 2195 174 2237 rum
208 2174 383 2254 luxuriam,
420 2175 579 2259 longeque
613 2174 699 2238 inter
728 2196 760 2238 se
794 2175 1011 2241 discesserant.
1035 2176 1124 2243 hoca

101 2283 289 2369 Antigonus
324 2308 397 2350 cum
421 2285 625 2369 comperisset
648 2285 907 2370 intelligerctque
931 2309 963 2353 sa
985 2311 1095 2373 parem

102 2418 170 2461 non
192 2419 259 2462 esse
282 2399 403 2482 paratis
426 2397 632 2482 adversariis,
657 2397 772 2462 statuit
794 2397 914 2482 aliquid
937 2398 999 2463 sibi
1018 2420 1095 2464 con-

102 2508 166 2572 silii
199 2510 276 2574 nori
311 2531 376 2574 esse
406 2509 606 2593 capiendum.
639 2510 720 2574 duae
742 2512 836 2574 erant
856 2509 944 2587 viae,
970 2533 1033 2597 qua
1056 2533 1094 2576 ex

101 2619 222 2698 Medis,
246 2621 303 2686 ubi
326 2621 382 2686 illc
404 2621 578 2706 hiemabat,
603 2624 644 2685 ad
667 2621 920 2687 adversariorum
943 2623 1094 2687 hiberna-

101 2731 173 2797 cula
207 2735 316 2816 posset
347 2733 516 2817 perveniri.
553 2754 688 2816 quarum
716 2733 846 2798 brevior
867 2755 925 2817 per
947 2735 1018 2799 loca
1039 2735 1121 2800 εἶθ-5
1154 2728 1156 2733 ’

101 2847 204 2922 serta,
239 2867 320 2930 quae
350 2843 631 2909 nemo-incolebat
653 2851 785 2930 propter
807 2867 909 2932 aquae
931 2846 1092 2931 inopiam,

101 2958 241 3020 ceterum
277 2956 399 3021 dierum
434 2958 503 3020 erat
537 2955 603 3021 fare
637 2958 763 3022 decem:
793 2958 850 3021 illa
880 2959 1006 3035 autem,
1029 2978 1094 3041 qua
1120 2970 1122 2975 ’

102 3089 211 3132 omnes
246 3068 485 3146 commeabant,
511 3067 612 3131 altero
636 3071 728 3131 tanto
750 3067 929 3153 longiorem
953 3066 1094 3132 habebat

100 3178 300 3258 anfractum,
325 3182 381 3245 sed
405 3181 474 3243 erat
493 3178 622 3263 copiosa
640 3178 846 3264 omniumque
866 3200 972 3243 rerum
991 3178 1093 3242 abun-

100 3294 191 3356 dans.
228 3291 290 3356 hac
325 3292 352 3356 si
385 3290 656 3376 proficisceretur,
690 3291 894 3375 intelligebat
915 3289 1005 3375 prius
1027 3282 1121 3354 ad-l

100 3402 256 3468 uersarios
287 3403 456 3469 rescituros
488 3403 527 3467 de
551 3423 609 3467 suo
632 3403 791 3486 adventu,
816 3423 912 3486 quam
935 3401 1003 3486 ipse
1027 3405 1092 3466 tor-

100 3514 179 3580 tiam
213 3515 338 3600 partem
374 3514 561 3580 confecisset
595 3514 738 3578 itineris:
772 3513 822 3578 sin
853 3533 911 3597 por
933 3512 1003 3577 loca
1025 3511 1093 3577 sola

100 3627 323 3707 contenderet,
359 3626 509 3712 sperabat
543 3647 576 3691 se
609 3624 845 3711 imprudentem
876 3623 1002 3690 hostem
1031 3645 1090 3706 op-
