2460 4026
392 166 447 209 xv.
471 163 710 210 arrnruouuas.
736 145 767 210 9.
794 146 846 211 10.
1050 149 1091 213 77

101 362 174 404 cum
198 339 264 403 acie
287 339 444 403 instructa
468 338 617 403 audacius
636 338 773 402 instaret
793 337 955 416 hostibus,
979 339 1091 423 cogni-

83 435 154 516 tus
186 453 234 515 est
266 473 284 514 a
316 448 591 525 Lacedaemoniis,
615 448 671 533 qui
694 449 779 532 quod
801 448 837 512 in
860 450 1001 533 pernicie
1024 451 1092 516 eius

52 614 56 621 .
98 563 222 647 patriae
253 561 347 626 sitam
376 560 536 646 putabant
567 560 720 637 salutem,
753 561 892 625 universi
923 561 958 625 in
990 584 1091 625 unum

98 676 255 759 impetum
286 674 432 738 fecerunt
466 693 569 757 neque
603 671 691 754 prius
723 671 960 750 abscesserunt,
995 695 1093 757 quam

100 808 218 872 magna
239 785 333 850 caede
354 784 524 868 multisque
545 783 655 848 occisis
680 783 851 849 fortissime
874 789 1091 869 pugnantem,

101 919 195 983 sparo
226 897 350 962 eminus
381 917 582 981 percussum,
616 895 781 960 concidere
811 896 991 983 viderunt*
999 897 1127 962 huiusa
1222 957 1225 964 ,

101 1031 176 1074 casu
204 1007 405 1092 aliquantum
424 1006 578 1072 retardati
602 1009 679 1071 sunt
701 1006 832 1086 Boeoti,
857 1028 959 1092 neque
982 1012 1092 1074 tamen

99 1123 189 1206 prius
211 1140 324 1205 pugna
347 1122 566 1197 excesserunt,
589 1140 686 1202 quarn
704 1124 920 1203 repugnantes
940 1121 1093 1205 profliga-

100 1235 187 1315 runt,
221 1234 255 1295 at
288 1228 548 1314 Epaminondas,
583 1250 654 1293 cum
687 1229 955 1296 animadverteret
982 1233 1129 1296 morti-a

101 1343 206 1407 ferum
229 1337 264 1408 sd
284 1342 400 1408 vulnus
426 1341 582 1425 accepisse
606 1341 782 1425 simulque,
804 1341 831 1405 si
852 1342 988 1420 ferm,
1010 1345 1096 1428 quod

104 1477 143 1519 ex
162 1454 271 1520 hastili
290 1453 327 1518 in
348 1474 479 1537 corpore
498 1455 712 1529 remanserat,
733 1453 941 1534 extraxisset,
954 1457 1095 1521 animam

101 1565 211 1630 statim
234 1563 439 1642 emissurum,
464 1585 564 1647 usque
584 1585 620 1627 eo
643 1563 796 1647 retinuit,
832 1569 938 1649 quoad
973 1589 1092 1632 renun-

103 1678 218 1741 tiatum
256 1679 304 1740 est
342 1676 453 1741 vicisse
493 1675 641 1740 Boeotos.
679 1675 712 1738 id
751 1679 921 1761 postquam
958 1678 1129 1756 audivit,4

104 1788 201 1855 ‘satis’
234 1788 341 1872 inquit
365 1787 457 1852 mixi:
480 1785 620 1851 invictus
644 1786 730 1850 enim
786 1787 893 1851 orior.'
918 1791 987 1852 tum
1010 1788 1094 1853 ferro

104 1902 247 1971 extracto
272 1898 440 1963 confestim
465 1898 663 1962 exanimatus
687 1809 855 2075 estilf

146 2010 209 2077 Hic
241 2033 372 2076 uxorem
404 2031 581 2094 numquam
612 2010 713 2074 duxit.
740 2009 751 2073 i
800 2032 863 2094 quo
888 2032 960 2076 curn
984 2012 1138 2096 repre-Ill

102 2123 295 2188 henderetur
321 2145 339 2186 a
362 2121 534 2206 Pelopida,
560 2121 616 2204 qui
639 2120 740 2184 filium
765 2120 905 2184 habebat
923 2121 1093 2201 infamem,

103 2233 250 2317 maleque
281 2255 354 2297 eum
382 2233 417 2296 in
450 2252 486 2297 eo
517 2231 640 2315 patriae
667 2230 832 2295 consulere
862 2231 981 2296 diceret
1009 2234 1095 2316 quod

104 2345 221 2410 liberos
257 2365 323 2409 non
354 2344 549 2430 relinqueret
585 2341 677 2407 ‘vide'
712 2340 819 2427 inquit
855 2343 907 2406 ‘ne
937 2347 975 2407 tu
1005 2346 1095 2428 peius

103 2456 269 2534 consulas,
313 2456 368 2539 qui
409 2455 507 2520 talem
547 2476 586 2518 ex
620 2457 653 2518 te
687 2458 801 2518 natum
835 2453 1003 2519 relicturus
1039 2456 1091 2522 sis.

104 2589 209 2652 neque
237 2589 311 2632 vero
346 2567 442 2651 stirps
476 2568 582 2651 potest
619 2566 699 2630 mihi
729 2566 852 2630 deesse:
885 2588 1023 2652 namque
1058 2583 1131 2633 exa

60 2669 63 2673 ¹
104 2701 156 2745 me
187 2681 297 2743 natam
327 2679 471 2763 relinquo
502 2699 648 2763 pugnam
679 2670 895 2756 Leuctricam,
924 2699 1005 2763 quae
1028 2701 1096 2744 non

104 2791 201 2856 modo
232 2788 312 2855 mihi
343 2793 519 2874 superstes,
551 2791 607 2853 sed
638 2789 734 2863 etiam
757 2788 946 2854 immortalis
970 2791 1013 2854 sit
1037 2813 1094 2854 ne-

105 2925 189 2968 cesse
220 2901 288 2966 est!
318 2921 381 2985 quo
413 2903 556 2985 tempore
589 2901 668 2964 duce
698 2898 852 2984 Pelopida
876 2901 983 2965 exules
1007 2901 1092 2965 The·
1118 2918 1133 2965 3

104 3013 161 3078 bas
196 3002 408 3097 occuparunt>
421 3016 453 3077 et
475 3013 669 3098 praesidium
705 3010 1026 3077 Lacedaemoniorum
1057 3033 1095 3076 ex

102 3145 175 3189 arce
207 3124 417 3209 expulerunt,
454 3123 712 3210 Epaminondas,
747 3121 898 3206 quamdiu
932 3121 1016 3186 facta
1049 3124 1096 3186 est

103 3237 213 3302 caedes
243 3235 378 3310 civium,
412 3235 499 3300 domi
528 3257 560 3299 se
591 3233 697 3298 tenuit
708 3239 724 3310 ‚l
747 3235 832 3317 quod
862 3253 965 3316 neque
995 3230 1096 3295 malos

103 3348 272 3412 defendere
303 3345 433 3410 volebat
460 3368 563 3431 neque
585 3344 794 3431 impugnare,
819 3364 860 3407 ne
884 3366 998 3408 manus
1022 3365 1096 3408 suo-

104 3481 176 3523 rum
211 3458 368 3542 sanguine
403 3459 598 3523 cruentaret:
639 3477 777 3541 namque
813 3476 940 3518 omnem
971 3455 1096 3520 civilem

104 3571 273 3636 victoriam
305 3569 466 3637 funestam
496 3569 643 3656 putabat.
674 3568 776 3646 idern,
809 3568 980 3652 postquam
1013 3564 1096 3648 apud
