2460 4026
450 197 528 242 xxv.
552 196 688 273 ruricus.
717 175 746 240 1.
773 176 803 240 2.
1035 177 1099 241 125

100 373 211 438 animo
246 393 347 456 aequo
376 369 458 435 ferre
489 373 630 454 possent.
661 370 770 453 itaque
802 369 958 434 incitabat
989 388 1128 435 omnesl

100 485 209 550 studio
244 506 318 561 suo,
347 505 411 571 quc
440 483 476 546 in
508 502 640 546 numero
668 479 801 545 fuerunt
831 480 868 546 L.
900 481 1097 566 Torquatus,
1140 494 1143 499 ’

101 596 139 664 O.
173 596 294 661 Marius
324 595 428 671 filius,
459 594 503 658 Μ.
530 591 659 658 Cicero:
685 613 765 677 quos
791 592 1021 657 consuetudine
1042 613 1099 655 sua
1197 639 1199 644 .

100 711 148 775 sic
173 708 333 784 devinxit,
358 711 395 771 ut
416 727 510 771 nemo
533 705 573 769 iis
597 706 750 789 perpetuo
774 703 871 769 fuerit
884 704 1005 767 'carior

148 820 244 884 Pater
275 822 399 882 mature
435 817 577 881 decessit.
626 837 682 900 pse
713 815 968 881 adolescentulus
999 836 1098 900 prop·
1124 816 1143 877 2

100 937 152 998 ter
186 930 376 995 affinitatem
405 929 442 993 P.
472 928 623 1012 Sulpicii,
654 927 709 1012 qui
737 927 885 992 tribunus
916 927 961 1011 pl.
994 927 1096 990 inter·
1210 1005 1211 1008 Ἴ

100 1043 205 1108 fectus
236 1045 302 1119 est,
333 1061 400 1105 non
431 1062 543 1124 expers
572 1040 636 1104 fuit
666 1039 752 1103 illius
782 1038 932 1122 periculi:
961 1059 1100 1123 namque

71 1175 74 1179 ·
102 1152 234 1231 Anicia,
258 1152 430 1237 Pomponii
455 1151 667 1229 consobrina,
689 1154 842 1234 nupserat
859 1150 987 1234 Servi0,
1007 1149 1100 1213 fratri

103 1263 249 1349 Sulpicii.
281 1263 388 1347 itaque
418 1262 587 1327 interfecto
614 1259 759 1346 ¹Sulpicio
787 1266 995 1346 posteaquam
1018 1262 1128 1335 vidite

105 1374 255 1440 Cinnano
284 1374 426 1439 tumultu
460 1374 624 1439 civitatem
657 1396 724 1438 esse
756 1374 976 1457 perturbatam
996 1394 1100 1459 neque

105 1486 168 1552 sibi
200 1487 270 1550 dari
301 1485 488 1550 facultatem
515 1506 573 1570 pro
598 1485 757 1569 dignitate
780 1485 925 1563 vivendi,
949 1486 1027 1570 quin
1052 1485 1099 1548 al·

104 1600 261 1662 terutram
282 1599 407 1681 partem
425 1597 617 1675 offenderet,
639 1598 815 1662 dissociatis
837 1598 952 1662 animis
966 1598 1099 1675 civium,

105 1732 180 1775 cum
215 1710 269 1774 alii
301 1707 456 1786 Sullanis,
490 1708 545 1771 alii
577 1707 732 1774 Cinnanis
761 1708 909 1773 faverent
938 1708 1100 1793 partibus,

104 1822 256 1886 idoneum
288 1822 413 1904 tempus
438 1823 528 1884 ratus
552 1820 665 1885 studiis
689 1820 885 1904 obsequendi
909 1820 973 1884 suis
995 1819 1100 1883 Athe·

104 1956 163 1998 nas
195 1955 228 1998 se
259 1931 407 1997 contulit.
441 1954 544 2017 neque
576 1954 613 1996 eo
645 1932 745 1996 secius
773 1932 1005 1997 adolescentem
1028 1931 1100 1996 Ma-

103 2044 188 2108 rium
228 2044 355 2108 hostem
396 2043 572 2133 iudicatum
615 2042 699 2107 iuvit
740 2043 854 2127 opibus
893 2044 974 2121 suis,
1011 2044 1099 2107 cuius

102 2155 215 2240 fugam
251 2154 386 2240 pecunia
422 2154 610 2219 sublevavit.
647 2176 683 2218 ac
719 2176 760 2218 ne
794 2153 851 2217 illa
885 2155 1099 2238 peregrinatio

103 2267 333 2331 detrimentum
375 2266 505 2350 aliquod
540 2264 668 2331 afferret
702 2265 749 2329 rei
783 2264 951 2344 familiari,
988 2269 1098 2330 eodem

103 2399 258 2464 magnam
288 2379 413 2462 partem
437 2376 640 2441 fortunarum
665 2377 791 2440 traiecit
813 2398 950 2441 suarum.
976 2377 1029 2442 hio
1053 2378 1100 2442 ita

103 2489 204 2567 vixit,
237 2492 274 2553 ut
306 2487 460 2552 universis
484 2486 736 2551 Atheniensibus
759 2487 873 2551 merito
895 2491 977 2553 esset
1001 2489 1098 2553 caris-

103 2601 213 2668 simus.
256 2624 333 2664 nam
376 2602 501 2684 praeter
544 2598 699 2683 gratiam,
735 2621 817 2683 quae
850 2600 914 2664 iam
949 2601 984 2665 in
1019 2603 1128 2667 ado-4

102 2713 279 2777 lescentulo
315 2732 433 2795 magna
468 2714 552 2789 erat,
590 2732 682 2795 saepe
717 2712 781 2776 suis
812 2712 925 2796 opibus
956 2714 1099 2800 inopiam

103 2843 214 2888 eorum
248 2822 411 2907 publicam
441 2821 569 2886 levavit.
603 2844 675 2886 cum
699 2823 784 2886 enim
807 2845 970 2889 versuram
994 2825 1098 2890 facere

100 2934 230 3020 publice
253 2955 379 2999 necesse
402 2937 485 2998 esset
509 2955 611 3018 neque
632 2935 697 2998 eius
722 2934 940 3001 conditionem
959 2960 1093 3024 aequam

99 3045 274 3124 haberent,
298 3067 421 3130 semper
444 3067 477 3109 se
499 3045 710 3129 interposuit,
735 3050 831 3131 atque
850 3048 914 3126 ita,
936 3052 973 3112 ut
994 3071 1098 3134 neque

98 3177 230 3220 usuram
274 3178 425 3241 umquam
466 3157 507 3220 ab
545 3157 585 3222 iis
620 3157 777 3242 acceperit
812 3180 915 3242 neque
949 3158 1094 3244 longius,

100 3289 199 3352 quam
233 3267 352 3334 dictum
385 3271 485 3347 esset,
519 3269 626 3334 deberi
651 3292 762 3354 passus
785 3271 834 3335 sit.
861 3272 947 3353 quod
970 3274 1126 3334 utrum-s

100 3400 164 3462 quc
195 3380 264 3443 erat
298 3379 337 3444 iis
369 3381 527 3445 salutare:
559 3403 635 3445 nam
658 3402 761 3465 neque
784 3381 981 3464 indulgendo
1004 3382 1096 3448 inve-

100 3493 257 3555 terascere
290 3511 399 3555 eorum
431 3512 483 3555 aes
514 3491 654 3557 alienum
678 3492 861 3577 patiebatur
884 3514 989 3578 neque
1013 3496 1097 3559 mul-

100 3599 285 3684 tiplicandis
319 3601 424 3669 usuris
456 3624 603 3668 crescere.
640 3605 730 3669 auxit
764 3604 825 3669 hoc
858 3604 997 3670 officium
1032 3606 1124 3670 aliao
