<?xml version="1.0" encoding="UTF-8"?>
<!DOCTYPE html PUBLIC "-//W3C//DTD XHTML 1.0 Transitional//EN"
    "http://www.w3.org/TR/xhtml1/DTD/xhtml1-transitional.dtd">
<html xmlns="http://www.w3.org/1999/xhtml" xml:lang="en" lang="en">
 <head>
  <title>
</title>
<meta http-equiv="Content-Type" content="text/html;charset=utf-8" />
  <meta name='ocr-system' content='tesseract 3.04.00' />
  <meta name='ocr-capabilities' content='ocr_page ocr_carea ocr_par ocr_line ocrx_word'/>
</head>
<body>
  <div class='ocr_page' id='page_1' title='image "./corneliinepotis09nepogoog_0061.png"; bbox 0 0 2460 4026; ppageno 0'>
   <div class='ocr_carea' id='block_1_1' title="bbox 162 185 756 250">
    <p class='ocr_par' dir='ltr' id='par_1_1' title="bbox 162 185 756 250">
     <span class='ocr_line' id='line_1_1' title="bbox 162 185 756 250; baseline 0 -1"><span class='ocrx_word' id='word_1_1' title='bbox 162 185 205 249; x_wconf 85' lang='grc'><strong>42</strong></span> <span class='ocrx_word' id='word_1_2' title='bbox 512 204 559 249; x_wconf 86' lang='lat' dir='ltr'><strong>rx.</strong></span> <span class='ocrx_word' id='word_1_3' title='bbox 584 202 699 248; x_wconf 80' lang='lat' dir='ltr'><strong>coros.</strong></span> <span class='ocrx_word' id='word_1_4' title='bbox 728 186 756 250; x_wconf 94' lang='lat'><strong>1.</strong></span> 
     </span>
    </p>
   </div>
   <div class='ocr_carea' id='block_1_2' title="bbox 83 374 1157 2133">
    <p class='ocr_par' dir='ltr' id='par_1_2' title="bbox 161 374 1156 462">
     <span class='ocr_line' id='line_1_2' title="bbox 161 374 1156 462; baseline 0 -22"><span class='ocrx_word' id='word_1_5' title='bbox 161 380 246 462; x_wconf 91' lang='lat' dir='ltr'><strong>quod</strong></span> <span class='ocrx_word' id='word_1_6' title='bbox 278 398 368 441; x_wconf 89' lang='lat' dir='ltr'><strong>amor</strong></span> <span class='ocrx_word' id='word_1_7' title='bbox 399 377 516 441; x_wconf 84' lang='lat' dir='ltr'><strong>civium</strong></span> <span class='ocrx_word' id='word_1_8' title='bbox 550 379 583 441; x_wconf 91' lang='lat' dir='ltr'><strong>et</strong></span> <span class='ocrx_word' id='word_1_9' title='bbox 615 397 681 441; x_wconf 91' lang='lat' dir='ltr'><strong>non</strong></span> <span class='ocrx_word' id='word_1_10' title='bbox 713 375 762 440; x_wconf 84' lang='lat' dir='ltr'><strong>vis</strong></span> <span class='ocrx_word' id='word_1_11' title='bbox 793 377 1004 458; x_wconf 73' lang='lat' dir='ltr'><strong>expresserat,</strong></span> <span class='ocrx_word' id='word_1_12' title='bbox 1031 374 1156 440; x_wconf 89' lang='lat' dir='ltr'><strong>nullam</strong></span> 
     </span>
    </p>

    <p class='ocr_par' dir='ltr' id='par_1_3' title="bbox 83 486 1157 2133">
     <span class='ocr_line' id='line_1_3' title="bbox 132 486 1156 572; baseline -0.002 -19"><span class='ocrx_word' id='word_1_13' title='bbox 132 488 273 567; x_wconf 66' lang='lat' dir='ltr'><strong>alhabuit</strong></span> <span class='ocrx_word' id='word_1_14' title='bbox 309 489 464 552; x_wconf 85' lang='lat' dir='ltr'><strong>invidiam</strong></span> <span class='ocrx_word' id='word_1_15' title='bbox 499 509 679 572; x_wconf 84' lang='lat' dir='ltr'><strong>magnaque</strong></span> <span class='ocrx_word' id='word_1_16' title='bbox 714 487 777 551; x_wconf 79' lang='lat' dir='ltr'><strong>tuit</strong></span> <span class='ocrx_word' id='word_1_17' title='bbox 811 486 924 570; x_wconf 87' lang='lat' dir='ltr'><strong>gloria.</strong></span> <span class='ocrx_word' id='word_1_18' title='bbox 961 486 1042 549; x_wconf 90' lang='lat' dir='ltr'><strong>bene</strong></span> <span class='ocrx_word' id='word_1_19' title='bbox 1078 507 1156 570; x_wconf 84' lang='lat' dir='ltr'><strong>ergo</strong></span> 
     </span>
     <span class='ocr_line' id='line_1_4' title="bbox 159 597 1157 685; baseline -0.002 -21"><span class='ocrx_word' id='word_1_20' title='bbox 159 600 301 665; x_wconf 86' lang='lat' dir='ltr'><strong>Pittacus</strong></span> <span class='ocrx_word' id='word_1_21' title='bbox 332 599 400 682; x_wconf 90' lang='lat' dir='ltr'><strong>ille,</strong></span> <span class='ocrx_word' id='word_1_22' title='bbox 436 600 491 685; x_wconf 90' lang='lat' dir='ltr'><strong>qui</strong></span> <span class='ocrx_word' id='word_1_23' title='bbox 520 600 556 663; x_wconf 92' lang='lat' dir='ltr'><strong>in</strong></span> <span class='ocrx_word' id='word_1_24' title='bbox 589 602 710 683; x_wconf 84' lang='lat' dir='ltr'><strong>septem</strong></span> <span class='ocrx_word' id='word_1_25' title='bbox 740 597 921 682; x_wconf 86' lang='lat' dir='ltr'><strong>sapientum</strong></span> <span class='ocrx_word' id='word_1_26' title='bbox 950 619 1084 662; x_wconf 88' lang='lat' dir='ltr'><strong>numero</strong></span> <span class='ocrx_word' id='word_1_27' title='bbox 1107 603 1157 663; x_wconf 88' lang='lat' dir='ltr'><strong>est</strong></span> 
     </span>
     <span class='ocr_line' id='line_1_5' title="bbox 157 709 1155 795; baseline -0.001 -20"><span class='ocrx_word' id='word_1_28' title='bbox 157 710 306 788; x_wconf 90' lang='lat' dir='ltr'><strong>habitus,</strong></span> <span class='ocrx_word' id='word_1_29' title='bbox 338 732 411 775; x_wconf 89' lang='lat' dir='ltr'><strong>oum</strong></span> <span class='ocrx_word' id='word_1_30' title='bbox 441 710 627 795; x_wconf 78' lang='lat' dir='ltr'><strong>Mytilenaei</strong></span> <span class='ocrx_word' id='word_1_31' title='bbox 657 711 758 774; x_wconf 88' lang='lat' dir='ltr'><strong>multa</strong></span> <span class='ocrx_word' id='word_1_32' title='bbox 790 709 890 772; x_wconf 88' lang='lat' dir='ltr'><strong>millia</strong></span> <span class='ocrx_word' id='word_1_33' title='bbox 912 709 1059 793; x_wconf 84' lang='lat' dir='ltr'><strong>iugerum</strong></span> <span class='ocrx_word' id='word_1_34' title='bbox 1083 711 1155 795; x_wconf 83' lang='lat' dir='ltr'><strong>agri</strong></span> 
     </span>
     <span class='ocr_line' id='line_1_6' title="bbox 160 820 1155 909; baseline 0 -23"><span class='ocrx_word' id='word_1_35' title='bbox 160 823 188 886; x_wconf 88' lang='lat' dir='ltr'><strong>ei</strong></span> <span class='ocrx_word' id='word_1_36' title='bbox 219 822 344 886; x_wconf 87' lang='lat' dir='ltr'><strong>muneri</strong></span> <span class='ocrx_word' id='word_1_37' title='bbox 375 822 506 905; x_wconf 80' lang='lat' dir='ltr'><strong>darent,</strong></span> <span class='ocrx_word' id='word_1_38' title='bbox 539 823 661 909; x_wconf 56' lang='lat' dir='ltr'><strong>,nolite</strong></span> <span class='ocrx_word' id='word_1_39' title='bbox 691 843 747 887; x_wconf 89' lang='lat' dir='ltr'><strong>oro</strong></span> <span class='ocrx_word' id='word_1_40' title='bbox 778 822 845 886; x_wconf 87' lang='lat' dir='ltr'><strong>vos’</strong></span> <span class='ocrx_word' id='word_1_41' title='bbox 867 820 976 905; x_wconf 88' lang='lat' dir='ltr'><strong>inquit</strong></span> <span class='ocrx_word' id='word_1_42' title='bbox 999 821 1049 908; x_wconf 61' lang='lat' dir='ltr'><strong>,id</strong></span> <span class='ocrx_word' id='word_1_43' title='bbox 1075 821 1155 886; x_wconf 90' lang='lat' dir='ltr'><strong>mihi</strong></span> 
     </span>
     <span class='ocr_line' id='line_1_7' title="bbox 83 933 1152 1018; baseline 0 -20"><span class='ocrx_word' id='word_1_44' title='bbox 83 948 86 952; x_wconf 71' lang='grc'><strong><em>’</em></strong></span> <span class='ocrx_word' id='word_1_45' title='bbox 160 937 251 1011; x_wconf 88' lang='lat' dir='ltr'><strong>dare,</strong></span> <span class='ocrx_word' id='word_1_46' title='bbox 282 937 368 1018; x_wconf 92' lang='lat' dir='ltr'><strong>quod</strong></span> <span class='ocrx_word' id='word_1_47' title='bbox 397 936 490 999; x_wconf 90' lang='lat' dir='ltr'><strong>multi</strong></span> <span class='ocrx_word' id='word_1_48' title='bbox 520 936 704 1012; x_wconf 76' lang='lat' dir='ltr'><strong>invideant,</strong></span> <span class='ocrx_word' id='word_1_49' title='bbox 735 935 841 1018; x_wconf 91' lang='lat' dir='ltr'><strong>plures</strong></span> <span class='ocrx_word' id='word_1_50' title='bbox 872 933 968 998; x_wconf 90' lang='lat' dir='ltr'><strong>etiam</strong></span> <span class='ocrx_word' id='word_1_51' title='bbox 1000 934 1152 1018; x_wconf 88' lang='lat' dir='ltr'><strong>concupi-</strong></span> 
     </span>
     <span class='ocr_line' id='line_1_8' title="bbox 159 1045 1152 1130; baseline -0.002 -21"><span class='ocrx_word' id='word_1_52' title='bbox 159 1051 261 1110; x_wconf 87' lang='lat' dir='ltr'><strong>scant.</strong></span> <span class='ocrx_word' id='word_1_53' title='bbox 297 1068 395 1130; x_wconf 89' lang='lat' dir='ltr'><strong>quare</strong></span> <span class='ocrx_word' id='word_1_54' title='bbox 429 1069 469 1111; x_wconf 86' lang='lat' dir='ltr'><strong>ex</strong></span> <span class='ocrx_word' id='word_1_55' title='bbox 503 1047 573 1110; x_wconf 90' lang='lat' dir='ltr'><strong>istis</strong></span> <span class='ocrx_word' id='word_1_56' title='bbox 607 1047 682 1110; x_wconf 89' lang='lat' dir='ltr'><strong>nolo</strong></span> <span class='ocrx_word' id='word_1_57' title='bbox 717 1045 854 1130; x_wconf 88' lang='lat' dir='ltr'><strong>amplius</strong></span> <span class='ocrx_word' id='word_1_58' title='bbox 888 1066 985 1128; x_wconf 90' lang='lat' dir='ltr'><strong>quam</strong></span> <span class='ocrx_word' id='word_1_59' title='bbox 1021 1048 1152 1108; x_wconf 89' lang='lat' dir='ltr'><strong>centum</strong></span> 
     </span>
     <span class='ocr_line' id='line_1_9' title="bbox 159 1157 1152 1241; baseline 0 -21"><span class='ocrx_word' id='word_1_60' title='bbox 159 1157 286 1241; x_wconf 84' lang='lat' dir='ltr'><strong>iugera,</strong></span> <span class='ocrx_word' id='word_1_61' title='bbox 318 1180 399 1241; x_wconf 90' lang='lat' dir='ltr'><strong>quae</strong></span> <span class='ocrx_word' id='word_1_62' title='bbox 431 1163 463 1223; x_wconf 90' lang='lat' dir='ltr'><strong>et</strong></span> <span class='ocrx_word' id='word_1_63' title='bbox 491 1181 595 1223; x_wconf 89' lang='lat' dir='ltr'><strong>meam</strong></span> <span class='ocrx_word' id='word_1_64' title='bbox 619 1158 718 1223; x_wconf 90' lang='lat' dir='ltr'><strong>animi</strong></span> <span class='ocrx_word' id='word_1_65' title='bbox 742 1158 935 1241; x_wconf 82' lang='lat' dir='ltr'><strong>aequitatem</strong></span> <span class='ocrx_word' id='word_1_66' title='bbox 959 1157 991 1220; x_wconf 92' lang='lat' dir='ltr'><strong>et</strong></span> <span class='ocrx_word' id='word_1_67' title='bbox 1014 1158 1152 1220; x_wconf 87' lang='lat' dir='ltr'><strong>vestram</strong></span> 
     </span>
     <span class='ocr_line' id='line_1_10' title="bbox 159 1267 1153 1354; baseline 0.001 -23"><span class='ocrx_word' id='word_1_68' title='bbox 159 1267 358 1333; x_wconf 87' lang='lat' dir='ltr'><strong>voluntatem</strong></span> <span class='ocrx_word' id='word_1_69' title='bbox 398 1270 562 1335; x_wconf 86' lang='lat' dir='ltr'><strong>iudicent’</strong></span> <span class='ocrx_word' id='word_1_70' title='bbox 597 1293 670 1334; x_wconf 91' lang='lat' dir='ltr'><strong>nam</strong></span> <span class='ocrx_word' id='word_1_71' title='bbox 706 1292 805 1354; x_wconf 90' lang='lat' dir='ltr'><strong>parva</strong></span> <span class='ocrx_word' id='word_1_72' title='bbox 840 1290 973 1332; x_wconf 90' lang='lat' dir='ltr'><strong>munera</strong></span> <span class='ocrx_word' id='word_1_73' title='bbox 1008 1268 1153 1345; x_wconf 90' lang='lat' dir='ltr'><strong>diutina,</strong></span> 
     </span>
     <span class='ocr_line' id='line_1_11' title="bbox 131 1379 1154 1466; baseline 0.001 -24"><span class='ocrx_word' id='word_1_74' title='bbox 131 1380 328 1463; x_wconf 81' lang='lat' dir='ltr'><strong>alocupletia</strong></span> <span class='ocrx_word' id='word_1_75' title='bbox 364 1401 430 1444; x_wconf 91' lang='lat' dir='ltr'><strong>non</strong></span> <span class='ocrx_word' id='word_1_76' title='bbox 464 1382 593 1466; x_wconf 92' lang='lat' dir='ltr'><strong>propria</strong></span> <span class='ocrx_word' id='word_1_77' title='bbox 628 1402 694 1445; x_wconf 88' lang='lat' dir='ltr'><strong>esse</strong></span> <span class='ocrx_word' id='word_1_78' title='bbox 730 1383 934 1443; x_wconf 86' lang='lat' dir='ltr'><strong>consuerunt.</strong></span> <span class='ocrx_word' id='word_1_79' title='bbox 966 1379 1024 1443; x_wconf 89' lang='lat' dir='ltr'><strong>illa</strong></span> <span class='ocrx_word' id='word_1_80' title='bbox 1052 1380 1154 1464; x_wconf 83' lang='lat' dir='ltr'><strong>igitur</strong></span> 
     </span>
     <span class='ocr_line' id='line_1_12' title="bbox 159 1490 1154 1576; baseline 0.001 -22"><span class='ocrx_word' id='word_1_81' title='bbox 159 1512 277 1554; x_wconf 86' lang='lat' dir='ltr'><strong>corona</strong></span> <span class='ocrx_word' id='word_1_82' title='bbox 297 1494 469 1557; x_wconf 89' lang='lat' dir='ltr'><strong>contentus</strong></span> <span class='ocrx_word' id='word_1_83' title='bbox 481 1491 702 1576; x_wconf 82' lang='lat' dir='ltr'><strong>Thrasybulus</strong></span> <span class='ocrx_word' id='word_1_84' title='bbox 714 1513 817 1575; x_wconf 88' lang='lat' dir='ltr'><strong>neque</strong></span> <span class='ocrx_word' id='word_1_85' title='bbox 829 1490 1003 1574; x_wconf 85' lang='lat' dir='ltr'><strong>quidquam</strong></span> <span class='ocrx_word' id='word_1_86' title='bbox 1015 1491 1154 1576; x_wconf 90' lang='lat' dir='ltr'><strong>amplius</strong></span> 
     </span>
     <span class='ocr_line' id='line_1_13' title="bbox 143 1601 1153 1688; baseline 0.001 -23"><span class='ocrx_word' id='word_1_87' title='bbox 143 1616 145 1621; x_wconf 84' lang='lat'>&#39;</span> <span class='ocrx_word' id='word_1_88' title='bbox 157 1602 324 1685; x_wconf 84' lang='lat' dir='ltr'><strong>requisivit</strong></span> <span class='ocrx_word' id='word_1_89' title='bbox 336 1626 439 1688; x_wconf 90' lang='lat' dir='ltr'><strong>neque</strong></span> <span class='ocrx_word' id='word_1_90' title='bbox 451 1626 641 1688; x_wconf 88' lang='lat' dir='ltr'><strong>quemquam</strong></span> <span class='ocrx_word' id='word_1_91' title='bbox 654 1603 776 1668; x_wconf 89' lang='lat' dir='ltr'><strong>honore</strong></span> <span class='ocrx_word' id='word_1_92' title='bbox 788 1623 820 1666; x_wconf 91' lang='lat' dir='ltr'><strong>se</strong></span> <span class='ocrx_word' id='word_1_93' title='bbox 829 1601 1034 1665; x_wconf 88' lang='lat' dir='ltr'><strong>antecessisse</strong></span> <span class='ocrx_word' id='word_1_94' title='bbox 1042 1601 1153 1666; x_wconf 85' lang='lat' dir='ltr'><strong>existi-</strong></span> 
     </span>
     <span class='ocr_line' id='line_1_14' title="bbox 131 1712 1153 1799; baseline 0.001 -24"><span class='ocrx_word' id='word_1_95' title='bbox 131 1714 269 1778; x_wconf 83' lang='lat' dir='ltr'><strong>4mavit.</strong></span> <span class='ocrx_word' id='word_1_96' title='bbox 301 1714 355 1780; x_wconf 89' lang='lat' dir='ltr'><strong>hic</strong></span> <span class='ocrx_word' id='word_1_97' title='bbox 389 1716 536 1799; x_wconf 84' lang='lat' dir='ltr'><strong>sequenti</strong></span> <span class='ocrx_word' id='word_1_98' title='bbox 567 1719 726 1798; x_wconf 90' lang='lat' dir='ltr'><strong>tempore,</strong></span> <span class='ocrx_word' id='word_1_99' title='bbox 757 1736 830 1779; x_wconf 90' lang='lat' dir='ltr'><strong>cum</strong></span> <span class='ocrx_word' id='word_1_100' title='bbox 861 1714 990 1796; x_wconf 89' lang='lat' dir='ltr'><strong>praetor</strong></span> <span class='ocrx_word' id='word_1_101' title='bbox 1022 1712 1153 1778; x_wconf 77' lang='lat' dir='ltr'><strong>classem</strong></span> 
     </span>
     <span class='ocr_line' id='line_1_15' title="bbox 130 1824 1153 1912; baseline 0.001 -24"><span class='ocrx_word' id='word_1_102' title='bbox 130 1842 134 1847; x_wconf 87' lang='grc'><strong><em>·</em></strong></span> <span class='ocrx_word' id='word_1_103' title='bbox 159 1827 199 1889; x_wconf 90' lang='lat' dir='ltr'><strong>ad</strong></span> <span class='ocrx_word' id='word_1_104' title='bbox 223 1824 367 1892; x_wconf 78' lang='lat' dir='ltr'><strong>Ciliciam</strong></span> <span class='ocrx_word' id='word_1_105' title='bbox 388 1828 561 1912; x_wconf 90' lang='lat' dir='ltr'><strong>appulisset</strong></span> <span class='ocrx_word' id='word_1_106' title='bbox 578 1849 680 1910; x_wconf 88' lang='lat' dir='ltr'><strong>neque</strong></span> <span class='ocrx_word' id='word_1_107' title='bbox 700 1826 777 1890; x_wconf 89' lang='lat' dir='ltr'><strong>satis</strong></span> <span class='ocrx_word' id='word_1_108' title='bbox 797 1825 968 1908; x_wconf 83' lang='lat' dir='ltr'><strong>diligenter</strong></span> <span class='ocrx_word' id='word_1_109' title='bbox 986 1824 1022 1887; x_wconf 91' lang='lat' dir='ltr'><strong>in</strong></span> <span class='ocrx_word' id='word_1_110' title='bbox 1041 1825 1153 1889; x_wconf 85' lang='lat' dir='ltr'><strong>castris</strong></span> 
     </span>
     <span class='ocr_line' id='line_1_16' title="bbox 160 1935 1154 2022; baseline 0.001 -22"><span class='ocrx_word' id='word_1_111' title='bbox 160 1937 225 2001; x_wconf 89' lang='lat' dir='ltr'><strong>eius</strong></span> <span class='ocrx_word' id='word_1_112' title='bbox 259 1944 431 2022; x_wconf 82' lang='lat' dir='ltr'><strong>agerentur</strong></span> <span class='ocrx_word' id='word_1_113' title='bbox 459 1938 604 2022; x_wconf 82' lang='lat' dir='ltr'><strong>vigiliae,</strong></span> <span class='ocrx_word' id='word_1_114' title='bbox 637 1960 656 2000; x_wconf 88' lang='lat' dir='ltr'><strong>a</strong></span> <span class='ocrx_word' id='word_1_115' title='bbox 679 1937 822 2002; x_wconf 88' lang='lat' dir='ltr'><strong>barbaris</strong></span> <span class='ocrx_word' id='word_1_116' title='bbox 847 1957 886 2000; x_wconf 83' lang='lat' dir='ltr'><strong>ex</strong></span> <span class='ocrx_word' id='word_1_117' title='bbox 910 1935 1029 2020; x_wconf 89' lang='lat' dir='ltr'><strong>oppido</strong></span> <span class='ocrx_word' id='word_1_118' title='bbox 1055 1941 1154 2001; x_wconf 85' lang='lat' dir='ltr'><strong>noctu</strong></span> 
     </span>
     <span class='ocr_line' id='line_1_17' title="bbox 157 2047 1007 2133; baseline -0.005 -20"><span class='ocrx_word' id='word_1_119' title='bbox 157 2050 325 2133; x_wconf 88' lang='lat' dir='ltr'><strong>eruptione</strong></span> <span class='ocrx_word' id='word_1_120' title='bbox 347 2049 432 2113; x_wconf 81' lang='lat' dir='ltr'><strong>facta</strong></span> <span class='ocrx_word' id='word_1_121' title='bbox 454 2049 489 2113; x_wconf 91' lang='lat' dir='ltr'><strong>in</strong></span> <span class='ocrx_word' id='word_1_122' title='bbox 513 2048 718 2113; x_wconf 89' lang='lat' dir='ltr'><strong>tabernaculo</strong></span> <span class='ocrx_word' id='word_1_123' title='bbox 741 2047 928 2112; x_wconf 85' lang='lat' dir='ltr'><strong>interfectus</strong></span> <span class='ocrx_word' id='word_1_124' title='bbox 949 2049 1007 2111; x_wconf 88' lang='lat' dir='ltr'><strong>est.</strong></span> 
     </span>
    </p>
   </div>
   <div class='ocr_carea' id='block_1_3' title="bbox 532 2286 721 2294">
    <p class='ocr_par' dir='ltr' id='par_1_4' title="bbox 532 2286 721 2294">
     <span class='ocr_line' id='line_1_18' title="bbox 532 2286 721 2294; baseline 0.016 -3"><span class='ocrx_word' id='word_1_125' title='bbox 532 2286 721 2294; x_wconf 37' lang='grc' dir='ltr'><strong>ᾖ...</strong></span> 
     </span>
    </p>
   </div>
   <div class='ocr_carea' id='block_1_4' title="bbox 497 2430 765 2504">
    <p class='ocr_par' dir='ltr' id='par_1_5' title="bbox 497 2430 765 2504">
     <span class='ocr_line' id='line_1_19' title="bbox 497 2430 765 2504; baseline 0.007 -4"><span class='ocrx_word' id='word_1_126' title='bbox 497 2431 563 2502; x_wconf 87' lang='grc' dir='ltr'><strong>ΙΧ.</strong></span> <span class='ocrx_word' id='word_1_127' title='bbox 591 2430 765 2504; x_wconf 87' lang='lat' dir='ltr'><strong>CONON.</strong></span> 
     </span>
    </p>
   </div>
   <div class='ocr_carea' id='block_1_5' title="bbox 130 2611 1222 3697">
    <p class='ocr_par' dir='ltr' id='par_1_6' title="bbox 130 2611 1222 3697">
     <span class='ocr_line' id='line_1_20' title="bbox 130 2611 1152 2695; baseline 0.002 -19"><span class='ocrx_word' id='word_1_128' title='bbox 130 2613 146 2676; x_wconf 91' lang='lat'>1</span> <span class='ocrx_word' id='word_1_129' title='bbox 204 2612 317 2678; x_wconf 80' lang='lat' dir='ltr'><strong>Conon</strong></span> <span class='ocrx_word' id='word_1_130' title='bbox 365 2611 572 2676; x_wconf 87' lang='lat' dir='ltr'><strong>Atheniensis</strong></span> <span class='ocrx_word' id='word_1_131' title='bbox 614 2611 847 2695; x_wconf 90' lang='lat' dir='ltr'><strong>Peloponnesio</strong></span> <span class='ocrx_word' id='word_1_132' title='bbox 891 2611 976 2677; x_wconf 88' lang='lat' dir='ltr'><strong>bello</strong></span> <span class='ocrx_word' id='word_1_133' title='bbox 1011 2615 1152 2680; x_wconf 87' lang='lat' dir='ltr'><strong>accessit</strong></span> 
     </span>
     <span class='ocr_line' id='line_1_21' title="bbox 157 2723 1149 2808; baseline 0.002 -21"><span class='ocrx_word' id='word_1_134' title='bbox 157 2724 196 2788; x_wconf 94' lang='lat' dir='ltr'><strong>ad</strong></span> <span class='ocrx_word' id='word_1_135' title='bbox 229 2744 296 2786; x_wconf 90' lang='lat' dir='ltr'><strong>rem</strong></span> <span class='ocrx_word' id='word_1_136' title='bbox 326 2723 505 2806; x_wconf 84' lang='lat' dir='ltr'><strong>publicam,</strong></span> <span class='ocrx_word' id='word_1_137' title='bbox 537 2723 573 2786; x_wconf 91' lang='lat' dir='ltr'><strong>iu</strong></span> <span class='ocrx_word' id='word_1_138' title='bbox 604 2745 702 2807; x_wconf 89' lang='lat' dir='ltr'><strong>eoque</strong></span> <span class='ocrx_word' id='word_1_139' title='bbox 730 2724 797 2787; x_wconf 85' lang='lat' dir='ltr'><strong>eius</strong></span> <span class='ocrx_word' id='word_1_140' title='bbox 822 2745 918 2807; x_wconf 89' lang='lat' dir='ltr'><strong>opera</strong></span> <span class='ocrx_word' id='word_1_141' title='bbox 932 2725 1053 2808; x_wconf 76' lang='lat' dir='ltr'><strong>,magni</strong></span> <span class='ocrx_word' id='word_1_142' title='bbox 1077 2725 1149 2789; x_wconf 90' lang='lat' dir='ltr'><strong>fuit.</strong></span> 
     </span>
     <span class='ocr_line' id='line_1_22' title="bbox 158 2835 1152 2919; baseline 0 -21"><span class='ocrx_word' id='word_1_143' title='bbox 158 2857 233 2898; x_wconf 89' lang='lat' dir='ltr'><strong>nam</strong></span> <span class='ocrx_word' id='word_1_144' title='bbox 269 2838 301 2898; x_wconf 90' lang='lat' dir='ltr'><strong>et</strong></span> <span class='ocrx_word' id='word_1_145' title='bbox 336 2838 462 2918; x_wconf 89' lang='lat' dir='ltr'><strong>praetor</strong></span> <span class='ocrx_word' id='word_1_146' title='bbox 496 2836 695 2918; x_wconf 84' lang='lat' dir='ltr'><strong>pedestribus</strong></span> <span class='ocrx_word' id='word_1_147' title='bbox 726 2836 915 2899; x_wconf 87' lang='lat' dir='ltr'><strong>exercitibus</strong></span> <span class='ocrx_word' id='word_1_148' title='bbox 947 2835 1088 2919; x_wconf 78' lang='lat' dir='ltr'><strong>praefuit</strong></span> <span class='ocrx_word' id='word_1_149' title='bbox 1118 2837 1152 2901; x_wconf 91' lang='lat' dir='ltr'><strong>et</strong></span> 
     </span>
     <span class='ocr_line' id='line_1_23' title="bbox 157 2945 1152 3031; baseline 0.005 -23"><span class='ocrx_word' id='word_1_150' title='bbox 157 2945 335 3030; x_wconf 86' lang='lat' dir='ltr'><strong>praefectus</strong></span> <span class='ocrx_word' id='word_1_151' title='bbox 370 2946 462 3009; x_wconf 87' lang='lat' dir='ltr'><strong>classi</strong></span> <span class='ocrx_word' id='word_1_152' title='bbox 498 2968 631 3030; x_wconf 87' lang='lat' dir='ltr'><strong>magnas</strong></span> <span class='ocrx_word' id='word_1_153' title='bbox 666 2969 715 3011; x_wconf 89' lang='lat' dir='ltr'><strong>res</strong></span> <span class='ocrx_word' id='word_1_154' title='bbox 746 2949 826 3011; x_wconf 91' lang='lat' dir='ltr'><strong>mari</strong></span> <span class='ocrx_word' id='word_1_155' title='bbox 859 2947 967 3031; x_wconf 84' lang='lat' dir='ltr'><strong>gessit.</strong></span> <span class='ocrx_word' id='word_1_156' title='bbox 1000 2969 1079 3031; x_wconf 90' lang='lat' dir='ltr'><strong>quas</strong></span> <span class='ocrx_word' id='word_1_157' title='bbox 1111 2947 1152 3013; x_wconf 94' lang='lat' dir='ltr'><strong>ob</strong></span> 
     </span>
     <span class='ocr_line' id='line_1_24' title="bbox 156 3058 1150 3142; baseline 0.002 -20"><span class='ocrx_word' id='word_1_158' title='bbox 156 3080 266 3123; x_wconf 89' lang='lat' dir='ltr'><strong>causas</strong></span> <span class='ocrx_word' id='word_1_159' title='bbox 289 3058 477 3141; x_wconf 87' lang='lat' dir='ltr'><strong>praecipuus</strong></span> <span class='ocrx_word' id='word_1_160' title='bbox 502 3059 531 3123; x_wconf 90' lang='lat' dir='ltr'><strong>ei</strong></span> <span class='ocrx_word' id='word_1_161' title='bbox 555 3059 657 3123; x_wconf 90' lang='lat' dir='ltr'><strong>honos</strong></span> <span class='ocrx_word' id='word_1_162' title='bbox 681 3059 811 3122; x_wconf 91' lang='lat' dir='ltr'><strong>habitus</strong></span> <span class='ocrx_word' id='word_1_163' title='bbox 834 3065 888 3122; x_wconf 89' lang='lat' dir='ltr'><strong>est.</strong></span> <span class='ocrx_word' id='word_1_164' title='bbox 917 3080 1056 3142; x_wconf 87' lang='lat' dir='ltr'><strong>namque</strong></span> <span class='ocrx_word' id='word_1_165' title='bbox 1080 3081 1150 3124; x_wconf 92' lang='lat' dir='ltr'><strong>om-</strong></span> 
     </span>
     <span class='ocr_line' id='line_1_25' title="bbox 158 3167 1222 3253; baseline 0.001 -20"><span class='ocrx_word' id='word_1_166' title='bbox 158 3170 253 3233; x_wconf 91' lang='lat' dir='ltr'><strong>nibus</strong></span> <span class='ocrx_word' id='word_1_167' title='bbox 283 3191 365 3233; x_wconf 88' lang='lat' dir='ltr'><strong>unus</strong></span> <span class='ocrx_word' id='word_1_168' title='bbox 388 3168 501 3232; x_wconf 90' lang='lat' dir='ltr'><strong>insulis</strong></span> <span class='ocrx_word' id='word_1_169' title='bbox 525 3169 679 3253; x_wconf 85' lang='lat' dir='ltr'><strong>praefuit,</strong></span> <span class='ocrx_word' id='word_1_170' title='bbox 704 3169 739 3232; x_wconf 94' lang='lat' dir='ltr'><strong>in</strong></span> <span class='ocrx_word' id='word_1_171' title='bbox 762 3190 826 3252; x_wconf 91' lang='lat' dir='ltr'><strong>qua</strong></span> <span class='ocrx_word' id='word_1_172' title='bbox 849 3171 1007 3251; x_wconf 84' lang='lat' dir='ltr'><strong>potestate</strong></span> <span class='ocrx_word' id='word_1_173' title='bbox 1030 3168 1151 3234; x_wconf 88' lang='lat' dir='ltr'><strong>Pheras</strong></span> <span class='ocrx_word' id='word_1_174' title='bbox 1218 3167 1222 3175; x_wconf 81' lang='lat'>&#39;</span> 
     </span>
     <span class='ocr_line' id='line_1_26' title="bbox 132 3278 1150 3362; baseline 0 -18"><span class='ocrx_word' id='word_1_175' title='bbox 132 3280 259 3362; x_wconf 76' lang='lat' dir='ltr'><strong>acepit,</strong></span> <span class='ocrx_word' id='word_1_176' title='bbox 301 3279 460 3343; x_wconf 88' lang='lat' dir='ltr'><strong>coloniam</strong></span> <span class='ocrx_word' id='word_1_177' title='bbox 495 3278 827 3344; x_wconf 82' lang='lat' dir='ltr'><strong>Lacedaemoniorum.</strong></span> <span class='ocrx_word' id='word_1_178' title='bbox 863 3279 927 3342; x_wconf 87' lang='lat' dir='ltr'><strong>fuit</strong></span> <span class='ocrx_word' id='word_1_179' title='bbox 962 3280 1059 3343; x_wconf 88' lang='lat' dir='ltr'><strong>etiam</strong></span> <span class='ocrx_word' id='word_1_180' title='bbox 1094 3301 1150 3344; x_wconf 83' lang='lat' dir='ltr'><strong>ex-</strong></span> 
     </span>
     <span class='ocr_line' id='line_1_27' title="bbox 156 3389 1151 3474; baseline 0.001 -21"><span class='ocrx_word' id='word_1_181' title='bbox 156 3395 257 3455; x_wconf 90' lang='lat' dir='ltr'><strong>tremo</strong></span> <span class='ocrx_word' id='word_1_182' title='bbox 290 3389 522 3474; x_wconf 86' lang='lat' dir='ltr'><strong>Peloponnesio</strong></span> <span class='ocrx_word' id='word_1_183' title='bbox 555 3390 636 3454; x_wconf 88' lang='lat' dir='ltr'><strong>bello</strong></span> <span class='ocrx_word' id='word_1_184' title='bbox 664 3392 810 3473; x_wconf 87' lang='lat' dir='ltr'><strong>praetor,</strong></span> <span class='ocrx_word' id='word_1_185' title='bbox 835 3410 908 3452; x_wconf 89' lang='lat' dir='ltr'><strong>oum</strong></span> <span class='ocrx_word' id='word_1_186' title='bbox 933 3390 1019 3473; x_wconf 87' lang='lat' dir='ltr'><strong>apud</strong></span> <span class='ocrx_word' id='word_1_187' title='bbox 1042 3389 1151 3474; x_wconf 83' lang='lat' dir='ltr'><strong>Aegos</strong></span> 
     </span>
     <span class='ocr_line' id='line_1_28' title="bbox 156 3499 1151 3586; baseline -0.001 -19"><span class='ocrx_word' id='word_1_188' title='bbox 156 3502 277 3567; x_wconf 91' lang='lat' dir='ltr'><strong>flumen</strong></span> <span class='ocrx_word' id='word_1_189' title='bbox 312 3502 421 3586; x_wconf 89' lang='lat' dir='ltr'><strong>copiae</strong></span> <span class='ocrx_word' id='word_1_190' title='bbox 456 3501 702 3566; x_wconf 84' lang='lat' dir='ltr'><strong>Atheniensium</strong></span> <span class='ocrx_word' id='word_1_191' title='bbox 738 3523 757 3564; x_wconf 91' lang='lat' dir='ltr'><strong>a</strong></span> <span class='ocrx_word' id='word_1_192' title='bbox 788 3499 953 3584; x_wconf 87' lang='lat' dir='ltr'><strong>Lysandro</strong></span> <span class='ocrx_word' id='word_1_193' title='bbox 986 3505 1063 3564; x_wconf 91' lang='lat' dir='ltr'><strong>sunt</strong></span> <span class='ocrx_word' id='word_1_194' title='bbox 1094 3503 1151 3566; x_wconf 87' lang='lat' dir='ltr'><strong>de-</strong></span> 
     </span>
     <span class='ocr_line' id='line_1_29' title="bbox 158 3611 1152 3697; baseline -0.003 -18"><span class='ocrx_word' id='word_1_195' title='bbox 158 3614 270 3679; x_wconf 84' lang='lat' dir='ltr'><strong>victae.</strong></span> <span class='ocrx_word' id='word_1_196' title='bbox 299 3615 446 3678; x_wconf 85' lang='lat' dir='ltr'><strong>sedtum</strong></span> <span class='ocrx_word' id='word_1_197' title='bbox 472 3613 591 3696; x_wconf 86' lang='lat' dir='ltr'><strong>abfuit,</strong></span> <span class='ocrx_word' id='word_1_198' title='bbox 617 3634 716 3697; x_wconf 88' lang='lat' dir='ltr'><strong>eoque</strong></span> <span class='ocrx_word' id='word_1_199' title='bbox 739 3612 829 3697; x_wconf 90' lang='lat' dir='ltr'><strong>peius</strong></span> <span class='ocrx_word' id='word_1_200' title='bbox 853 3632 902 3675; x_wconf 90' lang='lat' dir='ltr'><strong>res</strong></span> <span class='ocrx_word' id='word_1_201' title='bbox 927 3611 1152 3676; x_wconf 85' lang='lat' dir='ltr'><strong>administrata</strong></span> 
     </span>
    </p>
   </div>
   <div class='ocr_carea' id='block_1_6' title="bbox 0 0 1234 4026">
    <p class='ocr_par' dir='ltr' id='par_1_7' title="bbox 0 0 1234 4026">
     <span class='ocr_line' id='line_1_30' title="bbox 0 0 1234 4026; baseline 0 0"><span class='ocrx_word' id='word_1_202' title='bbox 0 0 1234 4026; x_wconf 95' lang='lat' dir='ltr'><strong> </strong></span> 
     </span>
    </p>
   </div>
  </div>
 </body>
</html>
