2460 4026
183 167 245 229 100
474 185 542 229 11111.
567 185 716 230 11111111.
744 166 771 230 l.
799 169 830 234 2.

177 360 266 424 litari
304 359 501 442 honestoque
534 358 662 437 funere,
700 360 874 424 comitante
908 364 978 426 toto
1013 364 1174 444 exercitu,
1225 377 1228 381 '

178 472 390 535 humaverunt
413 492 546 553 ossaque
570 471 636 535 eius
659 472 695 535 in
718 471 954 556 Cappadociam
975 474 1015 537 ad
1035 479 1176 540 matrem

178 587 273 668 atque
297 604 428 647 uxorem
451 583 629 667 liberosque
653 583 939 668 eiusdeportanda
962 590 1125 651 curarunt.

558 791 747 799 ———

474 974 575 1047 XIX.
602 975 827 1048 PHOCION.

155 1155 170 1218 1
220 1153 364 1219 Phocion
398 1151 606 1218 Atheniensis
641 1154 702 1218 etsi
732 1176 832 1239 saepe¹
856 1155 1047 1221 exercitibus
1078 1179 1173 1242 prae-

175 1266 238 1330 fuit
265 1286 467 1348 summosque
489 1266 697 1349 magistratus
719 1266 820 1350 cepit,
845 1269 954 1331 tamen
977 1268 1079 1334 multo
1104 1269 1172 1334 eius

174 1377 281 1441 notior
311 1376 481 1459 integritas
511 1377 595 1440 vitae
624 1398 720 1460 quam
743 1378 789 1441 rei
811 1377 959 1443 militaris
982 1379 1083 1446 labor.
1107 1381 1171 1445 ita-

175 1511 236 1572 que
270 1488 365 1551 huius
398 1487 551 1551 memoria
580 1490 628 1551 est
657 1488 761 1567 nulla,
793 1490 880 1554 illius
912 1492 1020 1554 autem
1050 1513 1171 1576 magna

146 1600 277 1684 alama,
309 1621 349 1664 ex
381 1621 443 1682 quo
474 1601 666 1683 cognomine
689 1600 800 1665 Bonus
823 1605 871 1665 est
894 1603 1084 1686 appellatus.
1107 1579 1171 1668 fuit

174 1714 260 1776 enim
294 1714 448 1797 perpetuo
482 1733 620 1795 pauper,
656 1733 728 1776 cum
758 1713 933 1778 ditissimus
964 1736 1030 1778 esse
1061 1717 1170 1800 posset

172 1829 304 1909 propter
325 1823 509 1907 frequentes
530 1822 652 1887 delatos
669 1821 808 1888 honores
827 1826 1062 1910 potestatesque
1081 1848 1168 1891 sum-

147 1950 261 2012 amas,
283 1956 365 2018 quae
388 1935 417 1996 ei
436 1957 455 1997 a
474 1934 593 2018 populo
614 1934 782 1999 dabantur.
803 1935 856 2000 hic
876 1958 949 2000 cum
968 1959 987 2001 a
1003 1934 1169 2021 reg'ePhi-

172 2046 260 2131 lippo
292 2066 426 2110 munera
449 2050 585 2129 magnae
608 2045 762 2128 pecuniae
784 2048 983 2129 repudiaret,
1007 2048 1169 2134 legatique

171 2157 378 2224 hortarentur
419 2160 457 2222 ut
496 2156 652 2241 acciperet
687 2157 844 2241 simulque
879 2161 1105 2240 admonerent,
1130 2160 1169 2224 si

172 2271 240 2354 ipse
261 2271 301 2334 iis
325 2268 419 2334 facile
442 2272 580 2347 careret,
604 2269 712 2334 liberis
734 2273 843 2335 tamen
868 2272 934 2335 suis
957 2272 1167 2356 prospiceret,

172 2382 288 2466 quibus
322 2383 450 2446 difficile
484 2387 566 2446 esset
599 2383 635 2445 in
669 2404 793 2446 summa
823 2386 1011 2467 paupertate
1041 2386 1168 2448 tantam

142 2499 340 2577 opaternam
358 2494 443 2558 tueri
461 2493 615 2577 gloriam,
632 2492 684 2557 bis
706 2493 760 2558 ille
785 2494 823 2558 ‘si
840 2495 903 2559 mci
922 2494 1041 2560 similes
1053 2499 1167 2573 erunt,

171 2606 254 2668 idem
287 2605 350 2670 hic’
380 2606 488 2690 inquit
510 2605 642 2689 ‘agellus
665 2605 738 2670 illos
760 2606 841 2684 alet,
866 2606 922 2690 qui
945 2628 996 2670 me
1018 2610 1060 2671 ad
1082 2606 1166 2672 hanc

133 2796 140 2808 ,
171 2717 363 2801 dignitatem
394 2716 560 2800 perduxit:
585 2716 636 2779 sin
660 2716 828 2781 dissimiles
852 2721 928 2782 sunt
949 2718 1067 2798 futuri,
1091 2720 1166 2785 nolo

171 2829 250 2893 meis
272 2829 425 2912 impensis
448 2829 576 2892 illorum
600 2829 642 2892 ali
665 2829 837 2913 augerique
859 2830 1039 2894 luxuriam?

97 2972 123 2989 -·
149 2944 168 3004 2
215 2940 305 3004 Idem
335 2962 407 3005 cum
429 2962 529 3025 prope
552 2940 593 3004 ad
616 2963 738 3004 annum
762 2942 992 3025 octogesimum
1015 2964 1167 3028 prospera

169 3053 365 3139 pervenisset
388 3052 537 3130 tortuna,
562 3053 711 3117 extremis
734 3053 933 3136 temporibus
955 3075 1113 3138 magnum
1131 3056 1168 3119 in

143 3167 278 3231 aodium
316 3166 407 3231 venit
446 3186 576 3230 suorum
620 3165 750 3242 civium,
796 3165 919 3249 prime,
962 3165 1061 3250 quod
1094 3189 1166 3232 cum

168 3276 310 3343 Demade
349 3281 389 3343 de
430 3276 508 3341 urbe
549 3277 706 3340 tradenda
749 3275 923 3362 Antipatro
965 3280 1167 3343 consenserat

168 3388 298 3472 eiusque
329 3387 726 3454 oonsilio‘Demosthenes
757 3410 829 3453 cum
853 3389 982 3467 ceteris,
1007 3389 1063 3474 qui
1085 3390 1166 3454 bene

168 3500 207 3563 de
248 3521 282 3563 re
316 3501 445 3583 publica
480 3500 586 3565 meriti
621 3500 903 3579 existimabantur,
936 3501 1049 3586 populi
1085 3501 1164 3567 scito

168 3613 203 3676 in
233 3612 362 3677 exilium
392 3616 486 3677 erant
516 3610 648 3696 expulsi.
680 3633 784 3696 neque
814 3613 849 3677 in
873 3633 910 3677 eo
934 3613 1039 3677 solum
1061 3612 1165 3679 offen·
