2460 4026
400 214 497 257 nrm.
523 213 681 257 aurnuns.
706 192 840 257 9.-11.
1058 194 1100 258 97

101 386 219 470 copias.
260 389 367 450 mutat
401 385 570 451 consilium
606 391 655 464 et,
691 388 843 470 quoniam
881 388 1101 470 imprudentes
1115 400 1134 476 7-

101 497 220 560 adoriri
256 518 322 561 non
354 503 476 582 posset,
507 497 607 563 flectit
637 498 698 562 iter
730 521 823 562 suum
855 504 886 563 et
916 498 1009 562 illum
1041 477 1117 563 an·-

99 607 238 673 iractum
271 609 449 693 longiorem
482 610 627 693 copiosae
658 610 728 674 viae
760 611 847 694 capit
877 611 985 694 ibique
1018 610 1101 673 diem

100 741 203 783 unum
226 721 391 805 opperitur
408 723 449 784 ad
469 720 690 785 lassitudinem
710 724 883 784 sedandam
903 720 1043 784 militum
1063 742 1100 784 ao

101 829 273 894 reficienda
291 832 455 909 iumenta,
475 854 538 916 quo
558 833 732 917 integriore
752 833 892 897 exercitu
909 832 1099 897 decerneret.

148 940 200 1007 Sic
230 941 390 1008 Eumenes
422 944 572 1008 callidum
603 945 828 1029 imperatorem
859 945 937 1009 vicit
960 944 1092 1009 consilio
1104 944 1145 1006 10

101 1053 359 1139 celeritatemque
391 1055 558 1139 impedivit
590 1055 673 1134 eius,
703 1078 806 1140 neque
829 1058 939 1119 tamen
963 1055 1100 1119 multum

100 1164 246 1248 profecit.
277 1188 352 1229 nam
376 1167 498 1230 invidia
522 1168 656 1245 ducum,
682 1188 753 1231 cum
778 1167 893 1252 quibus
917 1169 1003 1245 erat,
1026 1183 1131 1251 per-a

100 1277 241 1360 fidiaque
261 1276 473 1343 Macedonum
493 1281 733 1358 veteranorum,
753 1301 825 1343 cum
845 1279 988 1363 superior
1007 1300 1100 1364 proe-

102 1389 146 1452 lio
179 1389 389 1468 discessisset,
414 1388 583 1474 Antigono
607 1392 657 1453 est
680 1391 823 1468 deditus,
849 1412 920 1454 cum
945 1391 1101 1455 exercitus

101 1501 131 1565 ei
163 1504 213 1565 ter
236 1503 312 1565 ante
335 1501 489 1584 separatis
513 1501 711 1583 temporibus
734 1501 868 1566 iurasset
892 1524 1020 1566 seeum
1045 1504 1102 1566 de·

102 1611 268 1676 sensurum
301 1633 404 1695 neque
436 1633 587 1695 umquam
612 1611 819 1676 deserturum.
845 1616 900 1677 sed
924 1616 1016 1677 tanta
1039 1613 1103 1676 fuit

103 1723 334 1787 nonnullorum
364 1723 493 1787 virtutis
521 1723 728 1800 obtrectatio,
764 1727 798 1786 ut
828 1724 924 1788 fidem
955 1725 1103 1788 amittere

102 1836 237 1900 mallent
269 1856 365 1918 quam
396 1856 468 1898 eum
497 1855 565 1897 non
596 1837 736 1918 perdere.
770 1839 866 1918 atque
893 1835 981 1899 hunc
1004 1835 1130 1899 Anti-3

103 1967 224 2030 genus,
270 1967 342 2009 cum
377 1946 407 2010 ei
440 1945 553 2009 fuisset
587 1945 828 2024 infestissimus,
866 1948 1101 2025 conservasset,

102 2058 129 2121 si
164 2079 221 2142 per
255 2080 328 2122 suos
362 2061 445 2122 esset
478 2058 619 2135 licitum,
655 2058 741 2141 quod
773 2059 813 2121 ab
844 2059 934 2122 nullo
966 2079 998 2121 se
1029 2057 1102 2141 plus

102 2169 248 2233 adiuvari
277 2190 370 2253 posse
391 2169 596 2253 intelligebat
618 2170 653 2232 in
675 2170 714 2233 iis
737 2170 850 2245 rebus,
875 2190 953 2253 quas
976 2168 1102 2252 impen-

103 2281 176 2343 dere
208 2281 272 2343 iam
303 2280 478 2365 apparebat
508 2280 667 2344 omnibus
699 2280 913 2344 imminebant
937 2279 1022 2343 enim
1045 2278 1102 2344 Se-

101 2392 228 2470 leucus,
249 2381 474 2476 Lysimachus,
496 2391 716 2469 Ptolemaeus,
736 2391 851 2474 opibus
863 2391 927 2455 iam
940 2390 1101 2467 valentes,

102 2524 174 2568 eum
212 2504 328 2587 quibus
359 2503 388 2567 ei
420 2506 458 2566 de
489 2503 621 2567 summis
650 2503 744 2567 rebus
773 2506 842 2567 erat
874 2502 1101 2566 dimicandum.

103 2617 159 2678 sed
189 2635 257 2677 non
288 2614 374 2698 passi
404 2617 481 2678 sunt
510 2614 551 2692 ii,
583 2615 639 2699 qui
663 2615 746 2679 circa
770 2605 880 2697 erant,
906 2614 991 2698 quod
1014 2614 1131 2678 vide-4

102 2727 185 2790 bant
215 2725 359 2790 Eumene
382 2728 510 2809 recepto
535 2748 645 2791 omnes
668 2749 745 2810 prae
768 2726 824 2791 illo
848 2727 941 2810 parvi
963 2726 1099 2790 futuros.

100 2837 170 2922 ipse
206 2839 313 2900 autem
347 2835 535 2920 Antigonus
565 2837 643 2902 adeo
675 2842 743 2901 erat
773 2838 938 2922 incensus,
972 2839 1009 2900 ut
1040 2836 1103 2900 nisi

103 2967 223 3031 magna
247 2969 302 3031 spe
326 2947 537 3011 maximarum
561 2969 666 3011 rerum
690 2948 785 3012 leniri
808 2969 875 3012 non
898 2951 1015 3032 posset.

149 3058 262 3142 Itaque
294 3081 366 3122 cum
399 3081 472 3123 eum
502 3059 536 3122 in
568 3059 746 3124 custodiam
777 3061 916 3124 dedisset
945 3062 978 3123 et
1001 3059 1147 3142 prae-ll

102 3169 206 3234 sectus
250 3169 418 3234 custodum
454 3170 644 3254 quaesisset,
681 3172 949 3254 quemadmodum
985 3170 1104 3235 servari

102 3281 217 3359 vellet,
250 3284 297 3345 ‘ut
329 3281 528 3345 acerrimum’
560 3282 669 3366 inquit
700 3282 835 3347 ‘leonem
867 3285 923 3346 aut
945 3280 1102 3346 ferocissi-

103 3416 192 3457 mum
224 3392 460 3476 elephantum’:
501 3394 645 3457 nondum
668 3394 754 3458 enim
778 3397 950 3478 statuerat,
975 3415 1103 3459 conser-

105 3505 195 3567 varet
238 3525 311 3568 eum
357 3525 464 3569 necne.
511 3505 661 3569 veniebat
704 3510 809 3569 autem
853 3509 893 3570 ad
927 3484 1134 3569 Eumenema

105 3616 277 3700 utrumque
313 3636 417 3700 genus
452 3615 635 3694 hominum,
672 3619 705 3681 et
739 3616 794 3700 qui
828 3620 960 3702 propter
996 3616 1105 3681 odium

1045 3723 1068 3768 n
