2460 4026
123 177 165 242 32
400 192 461 239 vu.
485 190 683 237 AtclBIADus.
709 171 739 238 4.
765 170 797 235 5.

35 387 37 390 ·
121 360 342 446 erediderunt,
378 367 557 442 absentem,
592 365 677 448 quod
708 386 797 428 sacra
816 365 997 442 ¹violasset,
1028 385 1121 428 reum

122 481 275 548 fecerunt.
312 500 376 564 qua
411 478 449 542 de
483 499 518 542 re
550 498 623 542 eum
653 477 681 541 ei
709 477 844 540 nuntius
875 462 895 541 e
927 477 1121 560 magistratu

124 594 159 660 in
190 591 331 658 Siciliam
362 590 477 655 missus
508 592 607 667 esset,
639 593 676 654 ut
699 589 829 652 domum
853 588 894 651 ad
917 609 1046 652 causam
1069 587 1120 652 di-

124 705 258 770 cendam
287 702 423 780 rediret,
456 705 601 786 essetque
634 702 670 764 in
700 722 820 786 magna
850 723 906 783 spe
936 700 1121 784 provinciae

124 817 205 880 bene
235 813 522 890 administrandae,
555 832 622 876 non
651 833 761 896 parere
784 812 889 877 noluit
912 812 1001 876 etin
1025 813 1121 877 trire-

125 949 225 1003 mem,
253 947 334 1009 quae
358 925 496 989 adeum
520 927 589 988 erat
613 924 846 1009 deportandum
869 924 983 1002 misse,
1008 945 1121 990 ascen-

95 1038 180 1103 sdit
214 1037 274 1101 hae
305 1035 442 1100 Thurios
468 1035 504 1099 in
527 1035 655 1100 Italiam
679 1037 862 1119 pervectus,
885 1037 989 1100 multa
1013 1058 1121 1101 secum

125 1152 277 1234 reputans
300 1148 339 1214 de
361 1147 572 1211 immoderata
595 1147 712 1211 civium
737 1168 867 1211 suorum
890 1147 1022 1212 licentia
1046 1170 1120 1214 cru-

93 1252 96 1259 ’
125 1260 317 1344 delitateque
336 1280 414 1343 erga
433 1258 576 1342 nobiles,
597 1258 803 1324 utilissimum
823 1262 912 1323 ratus
927 1259 1120 1343 impenden-

126 1377 191 1438 tem
226 1372 344 1437 evitare
374 1373 619 1456 tempestatem,
650 1372 732 1436 clam
765 1393 797 1436 se
829 1371 1014 1443 custodibus
1044 1373 1120 1436 sub-

127 1484 220 1547 duxit
250 1486 282 1547 et
312 1483 387 1547 inde
417 1482 557 1566 primum
589 1481 734 1560 Elidem,
766 1483 840 1546 dein
870 1482 996 1546 Thebas
1020 1484 1120 1547 venit.

78 1618 81 1625 ·
100 1596 297 1679 spostquam
320 1595 427 1658 autem
452 1613 485 1657 se
504 1592 619 1677 capitis
639 1595 828 1657 damnatum
840 1593 933 1657 bonis
950 1593 1121 1677 publicatis

128 1705 267 1784 audivit,
300 1707 350 1783 et,
380 1704 414 1768 id
445 1708 531 1789 quod
561 1729 736 1791 numquam,
761 1719 852 1769 autea
881 1727 941 1769 usu
969 1709 1121 1790 venerat,

128 1816 334 1900 Eumolpidas
364 1816 543 1881 sacerdotes
570 1837 589 1880 a
612 1815 732 1900 populo
757 1820 883 1881 coactos
906 1823 944 1880 ut
966 1839 1000 1881 se
1023 1819 1120 1882 devo-

126 1931 254 2005 verent,
275 1928 404 2011 eiusque
422 1927 601 1991 devotionis
619 1947 682 2010 quo
701 1928 848 1992 testatior
867 1931 950 1992 esset
968 1929 1122 1993 memoria

127 2038 308 2123 exemplum
337 2038 372 2102 in
402 2039 469 2124 pila
497 2038 623 2124 lapidee
653 2037 790 2101 incisum
823 2061 889 2104 esse
919 2041 1061 2123 positum
1085 2042 1121 2104 in

102 2149 274 2235 opublico,
315 2151 588 2217 Lacedaemonem
631 2150 831 2233 demigravit.
875 2150 938 2230 ibi,
979 2157 1016 2217 ut
1053 2153 1121 2237 ipse

127 2262 308 2347 praedicare
332 2266 517 2341 consuerat,
542 2283 609 2326 non
633 2264 783 2326 adversus
806 2264 961 2347 patriam,
981 2263 1037 2327 sed
1056 2262 1121 2327 ini-

127 2373 226 2438 micos
257 2395 330 2439 suos
362 2374 481 2439 bellum
514 2373 629 2458 gessit,
659 2372 745 2456 quod
767 2373 863 2436 iidem
885 2374 993 2438 hostes
1016 2378 1123 2439 essent

129 2486 267 2551 civitati:
292 2509 367 2550 nam
392 2508 464 2550 cum
486 2484 707 2568 intelligerent
727 2506 759 2548 se
780 2485 954 2567 plurimum
974 2487 1136 2570 prodesse.

130 2617 220 2680 posse
251 2598 298 2662 rei
327 2597 491 2681 publicae,
521 2618 560 2660 ex
589 2617 626 2658 ea
654 2595 779 2660 eiecisse
802 2597 937 2682 plusque
959 2598 1025 2662 irae
1048 2621 1124 2662 suae

104 2722 225 2791 dquam
256 2709 391 2773 utilitati
422 2708 585 2774 communi
617 2708 770 2791 paruisse.
794 2709 903 2794 itaque
926 2708 1021 2774 huius
1045 2732 1122 2775 eon-

130 2819 200 2884 silio
223 2819 467 2886 Lacedaemonii
490 2843 563 2886 cum
586 2817 754 2884 Persarum
778 2842 852 2905 rege
875 2822 1050 2886 amicitiam
1073 2822 1122 2886 fe-

130 2935 257 3010 cerunt,
289 2932 363 2997 dein
394 2932 562 2998 Deceleam
593 2931 629 2995 in
658 2929 768 2996 Attice
791 2933 979 2997 munierunt
1001 2934 1122 3017 prae'si-

130 3043 243 3127 dioque
274 3044 319 3108 ibi
352 3047 506 3129 perpetuo
538 3042 689 3128 imposito
722 3042 756 3106 in
787 3044 952 3109 obsidione
977 3044 1123 3110 Athenas

130 3157 312 3219 tenuerunt.
346 3155 486 3220 eiusdem
518 3176 614 3240 opera
644 3153 770 3217 Ioniam
801 3177 820 3218 a
851 3155 1001 3220 societate
1031 3178 1123 3220 aver-

130 3266 241 3329 terunt
282 3266 538 3332 Atheniensium.
584 3288 649 3350 quo
688 3266 774 3331 facto
809 3268 911 3330 multo
947 3267 1124 3351 superiores

130 3375 213 3439 bello
238 3399 304 3442 esse
328 3381 511 3463 coeperunt.

103 3486 123 3550 5
176 3486 289 3572 N‘eque
323 3512 397 3555 vero
431 3489 482 3554 his
517 3489 612 3554 rebus
645 3494 712 3554 tam
741 3492 834 3556 amici
860 3492 1020 3558 Alcibiadi
1048 3497 1125 3559 sunt

133 3599 209 3664 facti
239 3623 336 3684 quam
367 3602 481 3666 timore
512 3601 554 3666 ab
587 3624 624 3667 eo
655 3603 795 3669 alienati.
828 3627 904 3669 nam
933 3627 1005 3669 cum
1038 3606 1124 3671 acer·
